1583 2680
465 134 627 160 Lrnnn
665 134 883 160 1v.0A1‘.
928 135 1011 160 xv.
1363 126 1413 161 75

73 224 193 265 Multi
212 226 301 276 erg«)
323 225 576 263 Macedonum
605 227 727 277 primo
758 227 904 277 impetu
936 226 961 244 ¹⁰
975 225 1110 265 obtriti
1140 230 1252 264 sunt:
1282 226 1411 276 plures

71 288 119 326 ad
153 288 419 326 Alexandrum
451 289 682 340 refugerunt.
752 290 851 328 Tum
882 290 1014 328 Persae
1045 289 1209 327 clamore
1246 289 1409 338 sublato,

70 351 222 402 qualem
242 351 405 390 victores
426 352 551 389 solent
566 353 695 401 edere,
716 353 892 397 ferociter
912 353 951 390 in
970 352 1119 390 hostem
1138 352 1247 403 quasi
1265 353 1407 403 ubique

69 415 326 466 profligatum,
358 415 569 452 incurrunt.
627 416 850 454 Alexander
882 416 1039 453 territos
1058 416 1256 465 castigare,
1277 415 1407 453 adhor-

69 477 166 526 tari,
206 478 393 528 praelium,
424 479 527 529 quod
551 480 632 528 jam
664 479 897 530 elanguerat,
930 478 1033 516 solus
1063 478 1291 527 accendere,
1322 492 1404 516 con-

67 541 302 592 firmatisque
340 542 495 579 tandem
533 542 669 579 animis
706 543 762 580 ire
798 542 837 579 in
866 541 1014 579 hostem
1047 541 1167 591 jubet.
1227 542 1252 559 ¹⁷
1267 541 1405 579 Rarior

67 603 167 640 acies
187 608 268 641 erat
295 603 332 640 in
354 603 450 642 laevo
482 617 598 641 cornu
630 604 862 642 Persarum:
891 617 1054 655 namque
1086 604 1175 641 inde
1209 603 1406 641 Bactriani

67 665 310 704 decesserant
341 666 390 704 ad
410 667 657 717 opprimenda
684 667 965 717 impedimenta.
1024 666 1164 718 Itaque
1184 667 1407 704 Alexander

66 727 215 766 laxatos
235 729 387 767 ordines
407 730 566 778 invadit,
588 735 626 768 et
642 730 764 767 multa
784 730 887 768 caede
903 730 1070 768 hostium
1089 730 1291 768 invehitur.
1349 730 1407 766 At

65 791 132 841 qui
151 791 191 829 in
211 792 347 830 dextro
360 805 477 830 cornu
498 798 606 830 erant
620 793 763 841 Persae,
785 806 850 843 spe
869 805 980 843 posse
996 805 1081 830 eum
1101 792 1256 840 includi,
1273 805 1406 842 agmen

67 866 177 891 suum
197 868 219 892 a
239 860 345 906 tergo
367 855 390 873 ¹⁸
405 855 621 893 dimicantis
642 861 847 906 opponunt.
907 856 931 873 ¹⁹
948 855 1164 906 Ingensque
1194 855 1404 905 periculum

67 916 107 954 in
126 917 251 955 medio
270 918 418 956 haerens
438 918 608 967 adiisset,
627 919 667 955 ni
688 919 836 969 equites
853 918 1028 969 Agriani,
1050 918 1260 956 calcaribus
1280 917 1406 956 subdi-

67 979 129 1026 tis,
169 980 417 1017 circumfusos
449 980 549 1030 Regi
582 980 774 1018 Barbaros
806 981 931 1018 adorti
968 986 1106 1029 essent,
1144 980 1405 1031 ²⁰aversosque

65 1042 246 1080 caedendo
282 1042 322 1079 in
359 1055 399 1080 se
436 1042 583 1080 obverti
620 1043 843 1092 coegissent.
914 1043 1086 1081 Turbata
1123 1048 1206 1080 erat
1242 1048 1406 1094 utraque

65 1105 174 1143 acies.
233 1105 457 1143 Alexander
494 1110 533 1143 et
571 1118 593 1142 a
630 1105 757 1143 fronte
794 1110 833 1143 et
865 1118 888 1142 a
919 1110 1025 1156 tergo
1054 1105 1204 1142 hostem
1230 1105 1402 1143 habebat.

65 1169 88 1186 ²¹
108 1168 185 1214 Qui
204 1182 336 1207 averso
357 1169 392 1206 ei
410 1168 615 1217 instabant,
636 1168 683 1206 ab
703 1168 887 1220 Agrianis
915 1168 1104 1206 militibus
1123 1161 1403 1219 premebantur.

66 1231 274 1279 Bactriani,
294 1231 575 1282 impedimentis
590 1231 757 1269 hostium
775 1231 946 1282 direptis,
967 1231 1123 1279 reversi,
1145 1231 1296 1268 ordines
1317 1244 1405 1269 suos

64 1307 285 1344 recuperare
321 1307 396 1332 non
433 1298 620 1344 poterant.
696 1294 817 1332 Plura
854 1294 968 1332 simul
1004 1294 1168 1344 abrupta
1199 1307 1222 1331 a
1255 1295 1405 1332 caeteris

65 1358 215 1408 agmina
233 1357 462 1408 ubicumque
483 1357 601 1395 alium
621 1357 687 1394 alii
706 1358 785 1395 fors
797 1357 1013 1406 miscuerat,
1035 1357 1278 1395 dimicabant.
1318 1357 1405 1395 Duo

65 1419 203 1470 Reges,
220 1420 364 1470 junctis
383 1421 499 1470 prope
519 1420 744 1471 agminibus,
765 1419 940 1470 praelium
960 1419 1225 1458 accendebant.
1266 1419 1405 1457 Plures

65 1482 197 1520 Persae
235 1482 430 1520 cadebant.
506 1482 585 1520 Par
621 1483 740 1520 ferme
777 1482 970 1533 utrimque
1014 1495 1195 1520 numerus
1231 1482 1405 1520 vulnera-

64 1545 188 1582 batur.
248 1544 374 1583 Curru
393 1544 546 1592 Darius,
569 1544 790 1582 Alexander
810 1558 905 1595 equo
924 1545 1145 1583 vehebatur.
1185 1545 1403 1596 Utrumque

64 1607 204 1645 delecti
234 1607 453 1654 tuebantur,
486 1607 544 1644 sui
574 1607 833 1645 immemores:
862 1606 1001 1657 quippe
1033 1607 1170 1644 amisso
1201 1607 1306 1657 Rege
1336 1621 1404 1645 nec

63 1670 243 1708 volebant
274 1670 372 1708 salvi
401 1683 494 1717 esse,
514 1682 583 1707 nec
612 1675 802 1720 poterant.
862 1670 966 1707 Ante
997 1669 1127 1707 oculos
1155 1669 1214 1706 sui
1241 1670 1402 1721 quisque

64 1733 187 1785 Regis
216 1738 381 1771 mortem
412 1732 635 1770 occumbere
666 1732 855 1771 ducebant
887 1732 1090 1783 egregium.
1149 1732 1174 1749 ²²
1191 1732 1402 1770 Maximum

63 1802 189 1834 tamen
218 1796 431 1846 periculum
461 1796 628 1843 adibant,
659 1808 754 1847 quos
790 1795 955 1832 maxime
988 1795 1213 1833 tuebantur:
1263 1795 1401 1846 quippe

62 1860 137 1899 sibi
155 1860 318 1911 quisque
337 1859 426 1898 caesi
445 1859 568 1910 Regis
587 1859 792 1909 expetebat
811 1859 937 1896 decus.

142 1926 202 1961 59.
235 1923 442 1972 Caeternm,
461 1923 540 1961 sive
558 1922 585 1940 ²²
601 1921 813 1960 ludibrium
833 1921 1038 1969 oculorum,
1053 1921 1132 1959 sive
1153 1934 1242 1959 vera
1257 1921 1400 1971 species

63 1987 150 2034 fuit,
170 1987 239 2038 qui
258 1987 359 2024 circa
378 1985 646 2024 Alexandrum
676 1989 796 2032 erant,
816 1984 958 2022 vidisse
979 1997 1018 2022 se
1047 1984 1294 2022 crediderunt
1313 1998 1400 2035 pau-

63 2049 182 2086 lulum
221 2063 334 2100 super
371 2053 487 2099 eaput
524 2047 645 2097 Regis
681 2047 831 2097 placide
869 2047 1060 2085 volantem
1093 2047 1282 2098 aquilam,
1325 2061 1400 2085 non

63 2112 195 2149 sonitu
224 2124 428 2159 armorum,
457 2124 534 2148 non
574 2110 720 2160 gemitu
750 2109 995 2147 morientium
1023 2109 1218 2159 territam;
1261 2110 1400 2161 diuque

64 2176 166 2212 circa
185 2187 323 2224 equum
345 2173 571 2220 Alexandri,
592 2172 772 2223 pendenti
801 2172 934 2223 magi5‚
955 2185 1068 2223 quam
1087 2173 1232 2211 volanti
1252 2173 1400 2220 similis,

67 2237 254 2288 apparuit.
326 2236 442 2274 Certe
475 2235 597 2273 Vates
629 2235 860 2273 Aristander
893 2235 982 2274 alba.
1011 2240 1117 2273 veste
1155 2236 1324 2281 indutus,
1363 2241 1402 2273 et

67 2300 203 2337 dextra
223 2299 431 2349 praeferens
461 2298 640 2346 lauream,
657 2298 846 2336 militibus
866 2298 904 2335 in
923 2311 1086 2349 pugnam
1106 2298 1275 2347 intentis,
1296 2312 1401 2335 avem

66 2362 304 2409 monstravit,
335 2361 436 2398 haud
467 2361 624 2399 dubium
653 2361 823 2399 victoriae
853 2361 1074 2411 auspicium.
1143 2361 1282 2411 Ingens
1313 2362 1401 2411 ergo

69 2426 246 2464 alacritas
277 2437 318 2462 ae
349 2424 486 2461 fiducia
516 2424 629 2474 paulo
649 2424 737 2461 ante
760 2424 917 2462 territos
944 2424 1116 2461 accendit
1136 2425 1184 2460 ad
1215 2436 1400 2473 pugnam:
