<?xml version="1.0" encoding="UTF-8"?>
<!DOCTYPE html PUBLIC "-//W3C//DTD XHTML 1.0 Transitional//EN"
    "http://www.w3.org/TR/xhtml1/DTD/xhtml1-transitional.dtd">
<html xmlns="http://www.w3.org/1999/xhtml" xml:lang="en" lang="en">
 <head>
  <title>
</title>
<meta http-equiv="Content-Type" content="text/html;charset=utf-8" />
  <meta name='ocr-system' content='tesseract 3.04.00' />
  <meta name='ocr-capabilities' content='ocr_page ocr_carea ocr_par ocr_line ocrx_word'/>
</head>
<body>
  <div class='ocr_page' id='page_1' title='image "./lifeexploitsofal00curtuoft/lifeexploitsofal00curtuoft_0106.png"; bbox 0 0 1583 2680; ppageno 0'>
   <div class='ocr_carea' id='block_1_1' title="bbox 143 131 1012 174">
    <p class='ocr_par' dir='ltr' id='par_1_1' title="bbox 143 131 1012 174">
     <span class='ocr_line' id='line_1_1' title="bbox 143 131 1012 174; baseline -0.002 -7"><span class='ocrx_word' id='word_1_1' title='bbox 143 131 193 167; x_wconf 78' lang='lat'>96</span> <span class='ocrx_word' id='word_1_2' title='bbox 601 142 786 174; x_wconf 84' lang='lat' dir='ltr'><strong>QUINTI</strong></span> <span class='ocrx_word' id='word_1_3' title='bbox 828 141 1012 167; x_wconf 79' lang='lat' dir='ltr'>cunT11</span> 
     </span>
    </p>
   </div>
   <div class='ocr_carea' id='block_1_2' title="bbox 137 232 1507 2495">
    <p class='ocr_par' dir='ltr' id='par_1_2' title="bbox 137 232 1483 1281">
     <span class='ocr_line' id='line_1_2' title="bbox 142 232 1480 285; baseline -0.001 -14"><span class='ocrx_word' id='word_1_4' title='bbox 142 234 351 271; x_wconf 87' lang='lat' dir='ltr'>crudelitas</span> <span class='ocrx_word' id='word_1_5' title='bbox 388 234 428 271; x_wconf 91' lang='lat' dir='ltr'>in</span> <span class='ocrx_word' id='word_1_6' title='bbox 466 235 579 285; x_wconf 74' lang='lat' dir='ltr'>capta</span> <span class='ocrx_word' id='word_1_7' title='bbox 606 234 702 274; x_wconf 88' lang='lat' dir='ltr'>urbe</span> <span class='ocrx_word' id='word_1_8' title='bbox 738 239 913 285; x_wconf 82' lang='lat' dir='ltr'>grassata</span> <span class='ocrx_word' id='word_1_9' title='bbox 949 238 1017 271; x_wconf 86' lang='lat' dir='ltr'>est.</span> <span class='ocrx_word' id='word_1_10' title='bbox 1089 232 1211 281; x_wconf 91' lang='lat' dir='ltr'>Auro,</span> <span class='ocrx_word' id='word_1_11' title='bbox 1248 236 1480 284; x_wconf 82' lang='lat' dir='ltr'>argentoque</span> 
     </span>
     <span class='ocr_line' id='line_1_3' title="bbox 142 296 1481 348; baseline -0.001 -14"><span class='ocrx_word' id='word_1_12' title='bbox 142 297 284 345; x_wconf 92' lang='lat' dir='ltr'>onusti,</span> <span class='ocrx_word' id='word_1_13' title='bbox 330 297 423 335; x_wconf 88' lang='lat' dir='ltr'>vilia</span> <span class='ocrx_word' id='word_1_14' title='bbox 459 298 697 348; x_wconf 87' lang='lat' dir='ltr'>captivorum</span> <span class='ocrx_word' id='word_1_15' title='bbox 741 310 899 347; x_wconf 87' lang='lat' dir='ltr'>corpora</span> <span class='ocrx_word' id='word_1_16' title='bbox 942 296 1200 344; x_wconf 74' lang='lat' dir='ltr'>trucidabant,</span> <span class='ocrx_word' id='word_1_17' title='bbox 1238 296 1481 347; x_wconf 78' lang='lat' dir='ltr'>⁵passimque</span> 
     </span>
     <span class='ocr_line' id='line_1_4' title="bbox 141 359 1477 412; baseline -0.001 -15"><span class='ocrx_word' id='word_1_18' title='bbox 141 360 243 398; x_wconf 85' lang='lat' dir='ltr'>obvii</span> <span class='ocrx_word' id='word_1_19' title='bbox 263 360 517 410; x_wconf 79' lang='lat' dir='ltr'>caedebantur,</span> <span class='ocrx_word' id='word_1_20' title='bbox 537 373 632 412; x_wconf 88' lang='lat' dir='ltr'>quos</span> <span class='ocrx_word' id='word_1_21' title='bbox 664 361 777 398; x_wconf 71' lang='lat' dir='ltr'>antea</span> <span class='ocrx_word' id='word_1_22' title='bbox 796 360 963 410; x_wconf 87' lang='lat' dir='ltr'>pretium</span> <span class='ocrx_word' id='word_1_23' title='bbox 984 359 1044 397; x_wconf 84' lang='lat' dir='ltr'>sui</span> <span class='ocrx_word' id='word_1_24' title='bbox 1071 359 1308 398; x_wconf 81' lang='lat' dir='ltr'>miserabiles</span> <span class='ocrx_word' id='word_1_25' title='bbox 1327 359 1477 397; x_wconf 76' lang='lat' dir='ltr'>fecerat.</span> 
     </span>
     <span class='ocr_line' id='line_1_5' title="bbox 141 423 1482 474; baseline -0.001 -14"><span class='ocrx_word' id='word_1_26' title='bbox 141 423 261 460; x_wconf 90' lang='lat' dir='ltr'>Multi</span> <span class='ocrx_word' id='word_1_27' title='bbox 281 424 371 474; x_wconf 68' lang='lat' dir='ltr'>ergo</span> <span class='ocrx_word' id='word_1_28' title='bbox 390 423 557 461; x_wconf 90' lang='lat' dir='ltr'>hostium</span> <span class='ocrx_word' id='word_1_29' title='bbox 573 436 706 461; x_wconf 86' lang='lat' dir='ltr'>manus</span> <span class='ocrx_word' id='word_1_30' title='bbox 719 423 936 461; x_wconf 74' lang='lat' dir='ltr'>voluntaria</span> <span class='ocrx_word' id='word_1_31' title='bbox 949 427 1070 460; x_wconf 88' lang='lat' dir='ltr'>morte</span> <span class='ocrx_word' id='word_1_32' title='bbox 1090 426 1382 473; x_wconf 86' lang='lat' dir='ltr'>occupaverunt,</span> <span class='ocrx_word' id='word_1_33' title='bbox 1400 435 1482 472; x_wconf 85' lang='lat' dir='ltr'>prc-</span> 
     </span>
     <span class='ocr_line' id='line_1_6' title="bbox 141 485 1482 536; baseline -0.001 -13"><span class='ocrx_word' id='word_1_34' title='bbox 141 486 348 524; x_wconf 72' lang='lat' dir='ltr'>tiosissima</span> <span class='ocrx_word' id='word_1_35' title='bbox 366 487 534 525; x_wconf 86' lang='lat' dir='ltr'>vestium</span> <span class='ocrx_word' id='word_1_36' title='bbox 553 487 692 535; x_wconf 90' lang='lat' dir='ltr'>induti,</span> <span class='ocrx_word' id='word_1_37' title='bbox 713 499 734 524; x_wconf 90' lang='grc'>0</span> <span class='ocrx_word' id='word_1_38' title='bbox 760 487 881 525; x_wconf 87' lang='lat' dir='ltr'>muris</span> <span class='ocrx_word' id='word_1_39' title='bbox 901 486 1125 536; x_wconf 88' lang='lat' dir='ltr'>semetipsos</span> <span class='ocrx_word' id='word_1_40' title='bbox 1154 499 1240 523; x_wconf 89' lang='lat' dir='ltr'>cum</span> <span class='ocrx_word' id='word_1_41' title='bbox 1259 485 1482 535; x_wconf 87' lang='lat' dir='ltr'>conjugibus</span> 
     </span>
     <span class='ocr_line' id='line_1_7' title="bbox 140 547 1482 600; baseline -0.001 -14"><span class='ocrx_word' id='word_1_42' title='bbox 140 562 182 586; x_wconf 90' lang='lat' dir='ltr'>ac</span> <span class='ocrx_word' id='word_1_43' title='bbox 213 549 342 587; x_wconf 88' lang='lat' dir='ltr'>liberis</span> <span class='ocrx_word' id='word_1_44' title='bbox 362 550 402 587; x_wconf 91' lang='lat' dir='ltr'>in</span> <span class='ocrx_word' id='word_1_45' title='bbox 421 563 589 600; x_wconf 88' lang='lat' dir='ltr'>praeceps</span> <span class='ocrx_word' id='word_1_46' title='bbox 616 551 819 599; x_wconf 88' lang='lat' dir='ltr'>jactantes.</span> <span class='ocrx_word' id='word_1_47' title='bbox 878 548 1045 595; x_wconf 85' lang='lat' dir='ltr'>Quidam</span> <span class='ocrx_word' id='word_1_48' title='bbox 1074 549 1194 600; x_wconf 83' lang='lat' dir='ltr'>ignes,</span> <span class='ocrx_word' id='word_1_49' title='bbox 1214 548 1343 599; x_wconf 82' lang='lat' dir='ltr'>⁶qu0d</span> <span class='ocrx_word' id='word_1_50' title='bbox 1367 547 1482 598; x_wconf 63' lang='lat' dir='ltr'>pauli)</span> 
     </span>
     <span class='ocr_line' id='line_1_8' title="bbox 138 610 1482 662; baseline -0.001 -12"><span class='ocrx_word' id='word_1_51' title='bbox 138 617 225 662; x_wconf 88' lang='lat' dir='ltr'>post</span> <span class='ocrx_word' id='word_1_52' title='bbox 244 613 416 650; x_wconf 85' lang='lat' dir='ltr'>facturus</span> <span class='ocrx_word' id='word_1_53' title='bbox 435 613 557 651; x_wconf 87' lang='lat' dir='ltr'>hostis</span> <span class='ocrx_word' id='word_1_54' title='bbox 572 613 784 661; x_wconf 84' lang='lat' dir='ltr'>videbatur,</span> <span class='ocrx_word' id='word_1_55' title='bbox 801 612 1043 662; x_wconf 83' lang='lat' dir='ltr'>subjecerant</span> <span class='ocrx_word' id='word_1_56' title='bbox 1059 612 1218 658; x_wconf 77' lang='lat' dir='ltr'>aedibus,</span> <span class='ocrx_word' id='word_1_57' title='bbox 1233 617 1279 649; x_wconf 90' lang='lat' dir='ltr'>ut</span> <span class='ocrx_word' id='word_1_58' title='bbox 1297 624 1384 649; x_wconf 90' lang='lat' dir='ltr'>cum</span> <span class='ocrx_word' id='word_1_59' title='bbox 1404 610 1482 648; x_wconf 87' lang='lat' dir='ltr'>suis</span> 
     </span>
     <span class='ocr_line' id='line_1_9' title="bbox 138 673 1483 726; baseline -0.001 -14"><span class='ocrx_word' id='word_1_60' title='bbox 138 675 216 712; x_wconf 75' lang='lat' dir='ltr'>vivi</span> <span class='ocrx_word' id='word_1_61' title='bbox 247 681 514 714; x_wconf 79' lang='lat' dir='ltr'>cremarentur.</span> <span class='ocrx_word' id='word_1_62' title='bbox 598 676 770 714; x_wconf 80' lang='lat' dir='ltr'>Tandem</span> <span class='ocrx_word' id='word_1_63' title='bbox 800 676 908 714; x_wconf 87' lang='lat' dir='ltr'>⁷suis</span> <span class='ocrx_word' id='word_1_64' title='bbox 938 675 1028 714; x_wconf 79' lang='lat' dir='ltr'>Rex</span> <span class='ocrx_word' id='word_1_65' title='bbox 1048 675 1284 726; x_wconf 85' lang='lat' dir='ltr'>corporibus,</span> <span class='ocrx_word' id='word_1_66' title='bbox 1305 679 1344 712; x_wconf 89' lang='lat' dir='ltr'>et</span> <span class='ocrx_word' id='word_1_67' title='bbox 1375 673 1483 712; x_wconf 83' lang='lat' dir='ltr'>cultu</span> 
     </span>
     <span class='ocr_line' id='line_1_10' title="bbox 138 737 1482 790; baseline -0.001 -15"><span class='ocrx_word' id='word_1_68' title='bbox 138 739 380 776; x_wconf 88' lang='lat' dir='ltr'>foeminarum</span> <span class='ocrx_word' id='word_1_69' title='bbox 395 739 585 777; x_wconf 84' lang='lat' dir='ltr'>abstinere</span> <span class='ocrx_word' id='word_1_70' title='bbox 601 739 730 789; x_wconf 88' lang='lat' dir='ltr'>jussit.</span> <span class='ocrx_word' id='word_1_71' title='bbox 807 739 952 790; x_wconf 84' lang='lat' dir='ltr'>Ingens</span> <span class='ocrx_word' id='word_1_72' title='bbox 971 738 1145 788; x_wconf 64' lang='lat' dir='ltr'>pecuniae</span> <span class='ocrx_word' id='word_1_73' title='bbox 1164 738 1325 787; x_wconf 84' lang='lat' dir='ltr'>captivae</span> <span class='ocrx_word' id='word_1_74' title='bbox 1345 737 1482 774; x_wconf 89' lang='lat' dir='ltr'>modus</span> 
     </span>
     <span class='ocr_line' id='line_1_11' title="bbox 141 799 1482 851; baseline -0.001 -14"><span class='ocrx_word' id='word_1_75' title='bbox 141 801 317 849; x_wconf 83' lang='lat' dir='ltr'>traditur,</span> <span class='ocrx_word' id='word_1_76' title='bbox 338 803 457 851; x_wconf 68' lang='lat' dir='ltr'>prope</span> <span class='ocrx_word' id='word_1_77' title='bbox 477 807 522 839; x_wconf 91' lang='lat' dir='ltr'>ut</span> <span class='ocrx_word' id='word_1_78' title='bbox 540 802 654 839; x_wconf 91' lang='lat' dir='ltr'>fidem</span> <span class='ocrx_word' id='word_1_79' title='bbox 673 801 843 839; x_wconf 78' lang='lat' dir='ltr'>excedat.</span> <span class='ocrx_word' id='word_1_80' title='bbox 904 800 1101 839; x_wconf 76' lang='lat' dir='ltr'>Caeterum</span> <span class='ocrx_word' id='word_1_81' title='bbox 1121 805 1188 837; x_wconf 87' lang='lat' dir='ltr'>aut</span> <span class='ocrx_word' id='word_1_82' title='bbox 1215 800 1261 837; x_wconf 90' lang='lat' dir='ltr'>dc</span> <span class='ocrx_word' id='word_1_83' title='bbox 1288 799 1376 837; x_wconf 89' lang='lat' dir='ltr'>aliis</span> <span class='ocrx_word' id='word_1_84' title='bbox 1394 811 1482 850; x_wconf 91' lang='lat' dir='ltr'>quo-</span> 
     </span>
     <span class='ocr_line' id='line_1_12' title="bbox 137 862 1482 914; baseline 0 -14"><span class='ocrx_word' id='word_1_85' title='bbox 137 877 210 914; x_wconf 79' lang='lat' dir='ltr'>quc</span> <span class='ocrx_word' id='word_1_86' title='bbox 231 864 504 910; x_wconf 82' lang='lat' dir='ltr'>dubitavimus,</span> <span class='ocrx_word' id='word_1_87' title='bbox 526 869 591 901; x_wconf 88' lang='lat' dir='ltr'>aut</span> <span class='ocrx_word' id='word_1_88' title='bbox 612 865 810 902; x_wconf 87' lang='lat' dir='ltr'>credemus</span> <span class='ocrx_word' id='word_1_89' title='bbox 830 865 870 901; x_wconf 92' lang='lat' dir='ltr'>in</span> <span class='ocrx_word' id='word_1_90' title='bbox 889 864 1005 914; x_wconf 86' lang='lat' dir='ltr'>hujus</span> <span class='ocrx_word' id='word_1_91' title='bbox 1031 864 1141 903; x_wconf 86' lang='lat' dir='ltr'>urbis</span> <span class='ocrx_word' id='word_1_92' title='bbox 1160 866 1257 914; x_wconf 71' lang='lat' dir='ltr'>gaza</span> <span class='ocrx_word' id='word_1_93' title='bbox 1285 863 1405 914; x_wconf 82' lang='lat' dir='ltr'>fuisse</span> <span class='ocrx_word' id='word_1_94' title='bbox 1434 862 1445 879; x_wconf 82' lang='lat'>⁸</span> <span class='ocrx_word' id='word_1_95' title='bbox 1459 876 1482 900; x_wconf 80' lang='lat' dir='ltr'>c</span> 
     </span>
     <span class='ocr_line' id='line_1_13' title="bbox 139 927 1483 979; baseline -0.001 -15"><span class='ocrx_word' id='word_1_96' title='bbox 139 933 177 964; x_wconf 91' lang='lat' dir='ltr'>ct</span> <span class='ocrx_word' id='word_1_97' title='bbox 217 941 272 964; x_wconf 78' lang='lat' dir='ltr'>xx</span> <span class='ocrx_word' id='word_1_98' title='bbox 301 927 423 964; x_wconf 88' lang='lat' dir='ltr'>millia</span> <span class='ocrx_word' id='word_1_99' title='bbox 453 928 668 965; x_wconf 74' lang='lat' dir='ltr'>talentiim:</span> <span class='ocrx_word' id='word_1_100' title='bbox 698 927 747 965; x_wconf 86' lang='lat' dir='ltr'>ad</span> <span class='ocrx_word' id='word_1_101' title='bbox 777 941 863 979; x_wconf 84' lang='lat' dir='ltr'>quae</span> <span class='ocrx_word' id='word_1_102' title='bbox 892 927 1068 967; x_wconf 85' lang='lat' dir='ltr'>vehenda</span> <span class='ocrx_word' id='word_1_103' title='bbox 1099 927 1276 978; x_wconf 88' lang='lat' dir='ltr'>(namque</span> <span class='ocrx_word' id='word_1_104' title='bbox 1310 927 1359 964; x_wconf 89' lang='lat' dir='ltr'>ad</span> <span class='ocrx_word' id='word_1_105' title='bbox 1389 939 1483 964; x_wconf 91' lang='lat' dir='ltr'>usus</span> 
     </span>
     <span class='ocr_line' id='line_1_14' title="bbox 138 989 1483 1042; baseline -0.001 -14"><span class='ocrx_word' id='word_1_106' title='bbox 138 990 230 1028; x_wconf 90' lang='lat' dir='ltr'>belli</span> <span class='ocrx_word' id='word_1_107' title='bbox 260 1004 388 1028; x_wconf 92' lang='lat' dir='ltr'>secum</span> <span class='ocrx_word' id='word_1_108' title='bbox 413 995 568 1042; x_wconf 90' lang='lat' dir='ltr'>portare</span> <span class='ocrx_word' id='word_1_109' title='bbox 599 991 834 1041; x_wconf 87' lang='lat' dir='ltr'>decreverat)</span> <span class='ocrx_word' id='word_1_110' title='bbox 862 992 1038 1040; x_wconf 87' lang='lat' dir='ltr'>jumenta</span> <span class='ocrx_word' id='word_1_111' title='bbox 1068 995 1108 1028; x_wconf 91' lang='lat' dir='ltr'>et</span> <span class='ocrx_word' id='word_1_112' title='bbox 1137 990 1302 1028; x_wconf 89' lang='lat' dir='ltr'>camelos</span> <span class='ocrx_word' id='word_1_113' title='bbox 1331 1002 1353 1027; x_wconf 88' lang='lat' dir='ltr'>a</span> <span class='ocrx_word' id='word_1_114' title='bbox 1373 989 1483 1028; x_wconf 85' lang='lat' dir='ltr'>Susis</span> 
     </span>
     <span class='ocr_line' id='line_1_15' title="bbox 139 1051 1483 1104; baseline -0.002 -13"><span class='ocrx_word' id='word_1_115' title='bbox 139 1059 178 1091; x_wconf 92' lang='lat' dir='ltr'>et</span> <span class='ocrx_word' id='word_1_116' title='bbox 215 1053 416 1104; x_wconf 82' lang='lat' dir='ltr'>Babylone</span> <span class='ocrx_word' id='word_1_117' title='bbox 453 1054 628 1091; x_wconf 89' lang='lat' dir='ltr'>contrahi</span> <span class='ocrx_word' id='word_1_118' title='bbox 662 1054 790 1103; x_wconf 89' lang='lat' dir='ltr'>jussit.</span> <span class='ocrx_word' id='word_1_119' title='bbox 861 1054 1072 1091; x_wconf 73' lang='lat' dir='ltr'>Accessere</span> <span class='ocrx_word' id='word_1_120' title='bbox 1105 1053 1154 1090; x_wconf 87' lang='lat' dir='ltr'>ad</span> <span class='ocrx_word' id='word_1_121' title='bbox 1186 1053 1282 1090; x_wconf 92' lang='lat' dir='ltr'>hanc</span> <span class='ocrx_word' id='word_1_122' title='bbox 1311 1051 1483 1102; x_wconf 76' lang='lat' dir='ltr'>pecuniae</span> 
     </span>
     <span class='ocr_line' id='line_1_16' title="bbox 139 1114 1482 1166; baseline -0.001 -12"><span class='ocrx_word' id='word_1_123' title='bbox 139 1130 326 1154; x_wconf 84' lang='lat' dir='ltr'>summam</span> <span class='ocrx_word' id='word_1_124' title='bbox 345 1116 468 1166; x_wconf 89' lang='lat' dir='ltr'>captis</span> <span class='ocrx_word' id='word_1_125' title='bbox 488 1116 718 1166; x_wconf 81' lang='lat' dir='ltr'>Persagadis</span> <span class='ocrx_word' id='word_1_126' title='bbox 746 1129 813 1154; x_wconf 82' lang='lat' dir='ltr'>sex</span> <span class='ocrx_word' id='word_1_127' title='bbox 840 1114 962 1153; x_wconf 89' lang='lat' dir='ltr'>millia</span> <span class='ocrx_word' id='word_1_128' title='bbox 991 1115 1189 1152; x_wconf 69' lang='lat' dir='ltr'>talentum.</span> <span class='ocrx_word' id='word_1_129' title='bbox 1250 1114 1374 1165; x_wconf 71' lang='lat' dir='ltr'>Cyrus</span> <span class='ocrx_word' id='word_1_130' title='bbox 1394 1114 1482 1153; x_wconf 90' lang='lat' dir='ltr'>Pcr-</span> 
     </span>
     <span class='ocr_line' id='line_1_17' title="bbox 139 1178 1482 1229; baseline -0.001 -12"><span class='ocrx_word' id='word_1_131' title='bbox 139 1179 323 1229; x_wconf 77' lang='lat' dir='ltr'>sagadum</span> <span class='ocrx_word' id='word_1_132' title='bbox 340 1179 475 1217; x_wconf 89' lang='lat' dir='ltr'>urbem</span> <span class='ocrx_word' id='word_1_133' title='bbox 495 1179 730 1227; x_wconf 84' lang='lat' dir='ltr'>condiderat,</span> <span class='ocrx_word' id='word_1_134' title='bbox 753 1192 868 1229; x_wconf 90' lang='lat' dir='ltr'>quam</span> <span class='ocrx_word' id='word_1_135' title='bbox 896 1178 1123 1216; x_wconf 81' lang='lat' dir='ltr'>Alexandro</span> <span class='ocrx_word' id='word_1_136' title='bbox 1154 1178 1370 1216; x_wconf 83' lang='lat' dir='ltr'>Praefectus</span> <span class='ocrx_word' id='word_1_137' title='bbox 1400 1179 1482 1228; x_wconf 86' lang='lat' dir='ltr'>ejus</span> 
     </span>
     <span class='ocr_line' id='line_1_18' title="bbox 141 1241 506 1281; baseline -0.008 0"><span class='ocrx_word' id='word_1_138' title='bbox 141 1242 314 1281; x_wconf 84' lang='lat' dir='ltr'>Gobares</span> <span class='ocrx_word' id='word_1_139' title='bbox 335 1241 506 1279; x_wconf 86' lang='lat' dir='ltr'>tradidit.</span> 
     </span>
    </p>

    <p class='ocr_par' dir='ltr' id='par_1_3' title="bbox 138 1304 1507 2495">
     <span class='ocr_line' id='line_1_19' title="bbox 218 1304 1482 1355; baseline -0.001 -12"><span class='ocrx_word' id='word_1_140' title='bbox 218 1308 278 1343; x_wconf 82' lang='lat'>21.</span> <span class='ocrx_word' id='word_1_141' title='bbox 310 1305 401 1343; x_wconf 81' lang='lat' dir='ltr'>Rex</span> <span class='ocrx_word' id='word_1_142' title='bbox 433 1318 558 1342; x_wconf 85' lang='lat' dir='ltr'>arcem</span> <span class='ocrx_word' id='word_1_143' title='bbox 587 1304 820 1355; x_wconf 82' lang='lat' dir='ltr'>Persepolis,</span> <span class='ocrx_word' id='word_1_144' title='bbox 859 1304 983 1343; x_wconf 90' lang='lat' dir='ltr'>tribus</span> <span class='ocrx_word' id='word_1_145' title='bbox 1016 1304 1186 1342; x_wconf 89' lang='lat' dir='ltr'>millibus</span> <span class='ocrx_word' id='word_1_146' title='bbox 1226 1304 1482 1342; x_wconf 86' lang='lat' dir='ltr'>Macedonum</span> 
     </span>
     <span class='ocr_line' id='line_1_20' title="bbox 138 1367 1480 1420; baseline -0.001 -13"><span class='ocrx_word' id='word_1_147' title='bbox 138 1369 319 1420; x_wconf 67' lang='lat' dir='ltr'>praesidio</span> <span class='ocrx_word' id='word_1_148' title='bbox 337 1369 495 1416; x_wconf 83' lang='lat' dir='ltr'>relictis,</span> <span class='ocrx_word' id='word_1_149' title='bbox 527 1368 782 1406; x_wconf 89' lang='lat' dir='ltr'>Nicarthiden</span> <span class='ocrx_word' id='word_1_150' title='bbox 811 1368 913 1406; x_wconf 87' lang='lat' dir='ltr'>tueri</span> <span class='ocrx_word' id='word_1_151' title='bbox 939 1367 1062 1418; x_wconf 89' lang='lat' dir='ltr'>jubet.</span> <span class='ocrx_word' id='word_1_152' title='bbox 1121 1368 1300 1418; x_wconf 74' lang='lat' dir='ltr'>Tyridati</span> <span class='ocrx_word' id='word_1_153' title='bbox 1319 1381 1480 1419; x_wconf 88' lang='lat' dir='ltr'>quoque,</span> 
     </span>
     <span class='ocr_line' id='line_1_21' title="bbox 140 1431 1507 1484; baseline -0.001 -14"><span class='ocrx_word' id='word_1_154' title='bbox 140 1433 207 1484; x_wconf 92' lang='lat' dir='ltr'>qui</span> <span class='ocrx_word' id='word_1_155' title='bbox 226 1446 357 1483; x_wconf 86' lang='lat' dir='ltr'>gazam</span> <span class='ocrx_word' id='word_1_156' title='bbox 376 1431 602 1480; x_wconf 87' lang='lat' dir='ltr'>tradiderat,</span> <span class='ocrx_word' id='word_1_157' title='bbox 624 1436 798 1470; x_wconf 85' lang='lat' dir='ltr'>servatus</span> <span class='ocrx_word' id='word_1_158' title='bbox 827 1436 887 1470; x_wconf 83' lang='lat' dir='ltr'>cst</span> <span class='ocrx_word' id='word_1_159' title='bbox 914 1431 1046 1480; x_wconf 86' lang='lat' dir='ltr'>honos,</span> <span class='ocrx_word' id='word_1_160' title='bbox 1067 1444 1180 1482; x_wconf 86' lang='lat' dir='ltr'>quem</span> <span class='ocrx_word' id='word_1_161' title='bbox 1199 1431 1299 1481; x_wconf 90' lang='lat' dir='ltr'>apud</span> <span class='ocrx_word' id='word_1_162' title='bbox 1320 1431 1480 1469; x_wconf 88' lang='lat' dir='ltr'>Darium</span> <span class='ocrx_word' id='word_1_163' title='bbox 1499 1480 1507 1483; x_wconf 36' lang='grc'><strong>-</strong></span> 
     </span>
     <span class='ocr_line' id='line_1_22' title="bbox 139 1494 1482 1546; baseline -0.001 -13"><span class='ocrx_word' id='word_1_164' title='bbox 139 1496 348 1544; x_wconf 69' lang='lat' dir='ltr'>habuerat,</span> <span class='ocrx_word' id='word_1_165' title='bbox 398 1507 608 1546; x_wconf 84' lang='lat' dir='ltr'>magnaque</span> <span class='ocrx_word' id='word_1_166' title='bbox 642 1494 835 1532; x_wconf 74' lang='lat' dir='ltr'>exercitiis</span> <span class='ocrx_word' id='word_1_167' title='bbox 867 1499 986 1544; x_wconf 87' lang='lat' dir='ltr'>parte,</span> <span class='ocrx_word' id='word_1_168' title='bbox 1025 1499 1066 1532; x_wconf 90' lang='lat' dir='ltr'>et</span> <span class='ocrx_word' id='word_1_169' title='bbox 1103 1494 1388 1544; x_wconf 84' lang='lat' dir='ltr'>impedimentis</span> <span class='ocrx_word' id='word_1_170' title='bbox 1426 1494 1482 1532; x_wconf 91' lang='lat' dir='ltr'>ibi</span> 
     </span>
     <span class='ocr_line' id='line_1_23' title="bbox 140 1557 1481 1609; baseline -0.001 -13"><span class='ocrx_word' id='word_1_171' title='bbox 140 1559 295 1607; x_wconf 85' lang='lat' dir='ltr'>relictis,</span> <span class='ocrx_word' id='word_1_172' title='bbox 317 1559 611 1596; x_wconf 89' lang='lat' dir='ltr'>Parmenionem</span> <span class='ocrx_word' id='word_1_173' title='bbox 632 1557 908 1609; x_wconf 87' lang='lat' dir='ltr'>Craterumque</span> <span class='ocrx_word' id='word_1_174' title='bbox 921 1557 1104 1608; x_wconf 81' lang='lat' dir='ltr'>praefecit.</span> <span class='ocrx_word' id='word_1_175' title='bbox 1162 1557 1252 1607; x_wconf 85' lang='lat' dir='ltr'>Ipse</span> <span class='ocrx_word' id='word_1_176' title='bbox 1272 1570 1357 1595; x_wconf 90' lang='lat' dir='ltr'>cum</span> <span class='ocrx_word' id='word_1_177' title='bbox 1375 1557 1481 1595; x_wconf 87' lang='lat' dir='ltr'>mille</span> 
     </span>
     <span class='ocr_line' id='line_1_24' title="bbox 140 1620 1481 1674; baseline -0.001 -14"><span class='ocrx_word' id='word_1_178' title='bbox 140 1623 346 1674; x_wconf 77' lang='lat' dir='ltr'>equitibus,</span> <span class='ocrx_word' id='word_1_179' title='bbox 379 1621 629 1672; x_wconf 89' lang='lat' dir='ltr'>peditumque</span> <span class='ocrx_word' id='word_1_180' title='bbox 665 1621 848 1672; x_wconf 73' lang='lat' dir='ltr'>expedita</span> <span class='ocrx_word' id='word_1_181' title='bbox 882 1634 1008 1669; x_wconf 88' lang='lat' dir='ltr'>manu,</span> <span class='ocrx_word' id='word_1_182' title='bbox 1047 1620 1269 1659; x_wconf 82' lang='lat' dir='ltr'>interiorem</span> <span class='ocrx_word' id='word_1_183' title='bbox 1307 1620 1481 1658; x_wconf 89' lang='lat' dir='ltr'>Persidis</span> 
     </span>
     <span class='ocr_line' id='line_1_25' title="bbox 140 1682 1481 1736; baseline -0.001 -14"><span class='ocrx_word' id='word_1_184' title='bbox 140 1686 344 1735; x_wconf 84' lang='lat' dir='ltr'>regionem,</span> <span class='ocrx_word' id='word_1_185' title='bbox 378 1684 448 1723; x_wconf 90' lang='lat' dir='ltr'>sub</span> <span class='ocrx_word' id='word_1_186' title='bbox 480 1685 607 1735; x_wconf 83' lang='lat' dir='ltr'>ipsum</span> <span class='ocrx_word' id='word_1_187' title='bbox 639 1684 932 1736; x_wconf 74' lang='lat' dir='ltr'>5’Vergiliarum</span> <span class='ocrx_word' id='word_1_188' title='bbox 963 1684 1070 1722; x_wconf 90' lang='lat' dir='ltr'>sidus</span> <span class='ocrx_word' id='word_1_189' title='bbox 1097 1683 1236 1734; x_wconf 88' lang='lat' dir='ltr'>petiit:</span> <span class='ocrx_word' id='word_1_190' title='bbox 1275 1682 1481 1734; x_wconf 88' lang='lat' dir='ltr'>multisque</span> 
     </span>
     <span class='ocr_line' id='line_1_26' title="bbox 142 1746 1480 1798; baseline -0.001 -13"><span class='ocrx_word' id='word_1_191' title='bbox 142 1748 328 1787; x_wconf 90' lang='lat' dir='ltr'>imbribus</span> <span class='ocrx_word' id='word_1_192' title='bbox 349 1753 388 1785; x_wconf 85' lang='lat' dir='ltr'>et</span> <span class='ocrx_word' id='word_1_193' title='bbox 416 1761 537 1798; x_wconf 89' lang='lat' dir='ltr'>prope</span> <span class='ocrx_word' id='word_1_194' title='bbox 566 1747 803 1787; x_wconf 76' lang='lat' dir='ltr'>intolerabili</span> <span class='ocrx_word' id='word_1_195' title='bbox 830 1752 1056 1797; x_wconf 86' lang='lat' dir='ltr'>tempestate</span> <span class='ocrx_word' id='word_1_196' title='bbox 1083 1751 1256 1795; x_wconf 72' lang='lat' dir='ltr'>vexatus,</span> <span class='ocrx_word' id='word_1_197' title='bbox 1276 1746 1480 1796; x_wconf 88' lang='lat' dir='ltr'>procedere</span> 
     </span>
     <span class='ocr_line' id='line_1_27' title="bbox 142 1809 1482 1862; baseline -0.002 -13"><span class='ocrx_word' id='word_1_198' title='bbox 142 1817 279 1860; x_wconf 85' lang='lat' dir='ltr'>tamen,</span> <span class='ocrx_word' id='word_1_199' title='bbox 311 1813 384 1862; x_wconf 69' lang='lat' dir='ltr'>quc</span> <span class='ocrx_word' id='word_1_200' title='bbox 415 1811 643 1859; x_wconf 84' lang='lat' dir='ltr'>intenderat,</span> <span class='ocrx_word' id='word_1_201' title='bbox 674 1811 946 1861; x_wconf 79' lang='lat' dir='ltr'>perseveravit.</span> <span class='ocrx_word' id='word_1_202' title='bbox 1015 1809 1187 1848; x_wconf 88' lang='lat' dir='ltr'>Ventum</span> <span class='ocrx_word' id='word_1_203' title='bbox 1219 1814 1303 1847; x_wconf 89' lang='lat' dir='ltr'>erat</span> <span class='ocrx_word' id='word_1_204' title='bbox 1331 1809 1380 1846; x_wconf 86' lang='lat' dir='ltr'>ad</span> <span class='ocrx_word' id='word_1_205' title='bbox 1407 1809 1482 1847; x_wconf 88' lang='lat' dir='ltr'>iter</span> 
     </span>
     <span class='ocr_line' id='line_1_28' title="bbox 141 1872 1480 1926; baseline -0.001 -13"><span class='ocrx_word' id='word_1_206' title='bbox 141 1875 337 1926; x_wconf 86' lang='lat' dir='ltr'>perpetuis</span> <span class='ocrx_word' id='word_1_207' title='bbox 357 1874 523 1913; x_wconf 86' lang='lat' dir='ltr'>obsitum</span> <span class='ocrx_word' id='word_1_208' title='bbox 542 1874 706 1922; x_wconf 86' lang='lat' dir='ltr'>nivibus,</span> <span class='ocrx_word' id='word_1_209' title='bbox 736 1874 759 1891; x_wconf 82' lang='lat'>¹⁰</span> <span class='ocrx_word' id='word_1_210' title='bbox 774 1886 869 1924; x_wconf 85' lang='lat' dir='ltr'>quas</span> <span class='ocrx_word' id='word_1_211' title='bbox 895 1873 1052 1924; x_wconf 82' lang='lat' dir='ltr'>frigoris</span> <span class='ocrx_word' id='word_1_212' title='bbox 1072 1874 1131 1910; x_wconf 83' lang='lat' dir='ltr'>vis</span> <span class='ocrx_word' id='word_1_213' title='bbox 1150 1872 1242 1924; x_wconf 85' lang='lat' dir='ltr'>gelu</span> <span class='ocrx_word' id='word_1_214' title='bbox 1269 1872 1480 1911; x_wconf 79' lang='lat' dir='ltr'>adstrinxe-</span> 
     </span>
     <span class='ocr_line' id='line_1_29' title="bbox 142 1936 1482 1987; baseline -0.001 -11"><span class='ocrx_word' id='word_1_215' title='bbox 142 1944 211 1976; x_wconf 88' lang='lat' dir='ltr'>rat.</span> <span class='ocrx_word' id='word_1_216' title='bbox 270 1939 459 1976; x_wconf 89' lang='lat' dir='ltr'>Locorum</span> <span class='ocrx_word' id='word_1_217' title='bbox 479 1937 632 1987; x_wconf 88' lang='lat' dir='ltr'>squalor</span> <span class='ocrx_word' id='word_1_218' title='bbox 651 1942 691 1975; x_wconf 90' lang='lat' dir='ltr'>ct</span> <span class='ocrx_word' id='word_1_219' title='bbox 721 1936 950 1975; x_wconf 88' lang='lat' dir='ltr'>solitudines</span> <span class='ocrx_word' id='word_1_220' title='bbox 980 1937 1002 1954; x_wconf 86' lang='lat'>¹¹</span> <span class='ocrx_word' id='word_1_221' title='bbox 1020 1936 1132 1975; x_wconf 78' lang='lat' dir='ltr'>iuviae</span> <span class='ocrx_word' id='word_1_222' title='bbox 1162 1937 1368 1987; x_wconf 82' lang='lat' dir='ltr'>fatigatum</span> <span class='ocrx_word' id='word_1_223' title='bbox 1386 1937 1482 1974; x_wconf 87' lang='lat' dir='ltr'>mili-</span> 
     </span>
     <span class='ocr_line' id='line_1_30' title="bbox 142 1999 1480 2050; baseline -0.001 -11"><span class='ocrx_word' id='word_1_224' title='bbox 142 2007 219 2039; x_wconf 87' lang='lat' dir='ltr'>tem</span> <span class='ocrx_word' id='word_1_225' title='bbox 239 2002 447 2050; x_wconf 84' lang='lat' dir='ltr'>terrcbant,</span> <span class='ocrx_word' id='word_1_226' title='bbox 475 2002 728 2039; x_wconf 86' lang='lat' dir='ltr'>humanarum</span> <span class='ocrx_word' id='word_1_227' title='bbox 756 2013 883 2038; x_wconf 90' lang='lat' dir='ltr'>rerum</span> <span class='ocrx_word' id='word_1_228' title='bbox 913 2000 1094 2038; x_wconf 84' lang='lat' dir='ltr'>terminos</span> <span class='ocrx_word' id='word_1_229' title='bbox 1124 2013 1163 2038; x_wconf 90' lang='lat' dir='ltr'>se</span> <span class='ocrx_word' id='word_1_230' title='bbox 1182 1999 1313 2038; x_wconf 84' lang='lat' dir='ltr'>videre</span> <span class='ocrx_word' id='word_1_231' title='bbox 1333 1999 1480 2038; x_wconf 87' lang='lat' dir='ltr'>creden-</span> 
     </span>
     <span class='ocr_line' id='line_1_31' title="bbox 143 2062 1483 2115; baseline -0.002 -13"><span class='ocrx_word' id='word_1_232' title='bbox 143 2069 230 2102; x_wconf 88' lang='lat' dir='ltr'>tem.</span> <span class='ocrx_word' id='word_1_233' title='bbox 293 2064 433 2103; x_wconf 88' lang='lat' dir='ltr'>Omnia</span> <span class='ocrx_word' id='word_1_234' title='bbox 460 2070 579 2113; x_wconf 76' lang='lat' dir='ltr'>vasta,</span> <span class='ocrx_word' id='word_1_235' title='bbox 613 2069 726 2115; x_wconf 87' lang='lat' dir='ltr'>atquc</span> <span class='ocrx_word' id='word_1_236' title='bbox 760 2063 841 2101; x_wconf 88' lang='lat' dir='ltr'>sinc</span> <span class='ocrx_word' id='word_1_237' title='bbox 870 2063 949 2100; x_wconf 89' lang='lat' dir='ltr'>ullo</span> <span class='ocrx_word' id='word_1_238' title='bbox 970 2063 1126 2100; x_wconf 85' lang='lat' dir='ltr'>humani</span> <span class='ocrx_word' id='word_1_239' title='bbox 1158 2062 1288 2100; x_wconf 72' lang='lat' dir='ltr'>cultus</span> <span class='ocrx_word' id='word_1_240' title='bbox 1308 2062 1483 2113; x_wconf 78' lang='lat' dir='ltr'>vestigio,</span> 
     </span>
     <span class='ocr_line' id='line_1_32' title="bbox 143 2125 1482 2177; baseline -0.002 -12"><span class='ocrx_word' id='word_1_241' title='bbox 143 2128 297 2166; x_wconf 87' lang='lat' dir='ltr'>attoniti</span> <span class='ocrx_word' id='word_1_242' title='bbox 328 2128 597 2165; x_wconf 84' lang='lat' dir='ltr'>intuebantur:</span> <span class='ocrx_word' id='word_1_243' title='bbox 642 2133 681 2164; x_wconf 88' lang='lat' dir='ltr'>ct</span> <span class='ocrx_word' id='word_1_244' title='bbox 713 2127 953 2177; x_wconf 76' lang='lat' dir='ltr'>¹²antequa1n</span> <span class='ocrx_word' id='word_1_245' title='bbox 987 2127 1056 2164; x_wconf 83' lang='lat' dir='ltr'>lux</span> <span class='ocrx_word' id='word_1_246' title='bbox 1089 2139 1239 2177; x_wconf 87' lang='lat' dir='ltr'>quoquc</span> <span class='ocrx_word' id='word_1_247' title='bbox 1277 2131 1317 2163; x_wconf 87' lang='lat' dir='ltr'>ct</span> <span class='ocrx_word' id='word_1_248' title='bbox 1344 2125 1482 2163; x_wconf 86' lang='lat' dir='ltr'>coelum</span> 
     </span>
     <span class='ocr_line' id='line_1_33' title="bbox 144 2188 1483 2242; baseline -0.001 -14"><span class='ocrx_word' id='word_1_249' title='bbox 144 2192 246 2242; x_wconf 81' lang='lat' dir='ltr'>ipsos</span> <span class='ocrx_word' id='word_1_250' title='bbox 280 2191 495 2238; x_wconf 88' lang='lat' dir='ltr'>deficerent,</span> <span class='ocrx_word' id='word_1_251' title='bbox 529 2190 670 2228; x_wconf 71' lang='lat' dir='ltr'>reverti</span> <span class='ocrx_word' id='word_1_252' title='bbox 705 2189 903 2239; x_wconf 78' lang='lat' dir='ltr'>jubebant.</span> <span class='ocrx_word' id='word_1_253' title='bbox 980 2189 1068 2227; x_wconf 83' lang='lat' dir='ltr'>Rex</span> <span class='ocrx_word' id='word_1_254' title='bbox 1105 2189 1291 2239; x_wconf 81' lang='lat' dir='ltr'>castigarc</span> <span class='ocrx_word' id='word_1_255' title='bbox 1328 2188 1483 2226; x_wconf 80' lang='lat' dir='ltr'>territos</span> 
     </span>
     <span class='ocr_line' id='line_1_34' title="bbox 147 2251 1483 2305; baseline -0.002 -14"><span class='ocrx_word' id='word_1_256' title='bbox 147 2255 170 2273; x_wconf 78' lang='lat'>¹³</span> <span class='ocrx_word' id='word_1_257' title='bbox 186 2253 425 2305; x_wconf 83' lang='lat' dir='ltr'>supersedit:</span> <span class='ocrx_word' id='word_1_258' title='bbox 457 2255 637 2291; x_wconf 58' lang='lat' dir='ltr'>eceteram</span> <span class='ocrx_word' id='word_1_259' title='bbox 672 2253 751 2303; x_wconf 82' lang='lat' dir='ltr'>ipsc</span> <span class='ocrx_word' id='word_1_260' title='bbox 772 2267 868 2303; x_wconf 74' lang='lat' dir='ltr'>equo</span> <span class='ocrx_word' id='word_1_261' title='bbox 890 2253 1046 2299; x_wconf 70' lang='lat' dir='ltr'>desiliit,</span> <span class='ocrx_word' id='word_1_262' title='bbox 1063 2253 1253 2303; x_wconf 81' lang='lat' dir='ltr'>pedesque</span> <span class='ocrx_word' id='word_1_263' title='bbox 1272 2265 1340 2301; x_wconf 89' lang='lat' dir='ltr'>per</span> <span class='ocrx_word' id='word_1_264' title='bbox 1359 2251 1483 2289; x_wconf 86' lang='lat' dir='ltr'>nivem</span> 
     </span>
     <span class='ocr_line' id='line_1_35' title="bbox 145 2314 1483 2367; baseline -0.002 -12"><span class='ocrx_word' id='word_1_265' title='bbox 145 2322 184 2356; x_wconf 84' lang='lat' dir='ltr'>ct</span> <span class='ocrx_word' id='word_1_266' title='bbox 203 2322 417 2355; x_wconf 85' lang='lat' dir='ltr'>concretam</span> <span class='ocrx_word' id='word_1_267' title='bbox 447 2316 609 2367; x_wconf 81' lang='lat' dir='ltr'>glaciem</span> <span class='ocrx_word' id='word_1_268' title='bbox 640 2316 788 2366; x_wconf 81' lang='lat' dir='ltr'>ingredi</span> <span class='ocrx_word' id='word_1_269' title='bbox 817 2316 941 2365; x_wconf 79' lang='lat' dir='ltr'>coepit.</span> <span class='ocrx_word' id='word_1_270' title='bbox 1003 2315 1253 2353; x_wconf 76' lang='lat' dir='ltr'>Erubuerunt</span> <span class='ocrx_word' id='word_1_271' title='bbox 1271 2327 1345 2352; x_wconf 89' lang='lat' dir='ltr'>non</span> <span class='ocrx_word' id='word_1_272' title='bbox 1365 2314 1483 2365; x_wconf 87' lang='lat' dir='ltr'>sequi,</span> 
     </span>
     <span class='ocr_line' id='line_1_36' title="bbox 147 2377 1482 2431; baseline -0.004 -13"><span class='ocrx_word' id='word_1_273' title='bbox 147 2381 313 2431; x_wconf 70' lang='lat' dir='ltr'>primum</span> <span class='ocrx_word' id='word_1_274' title='bbox 343 2379 466 2427; x_wconf 85' lang='lat' dir='ltr'>amici,</span> <span class='ocrx_word' id='word_1_275' title='bbox 497 2379 634 2416; x_wconf 63' lang='lat' dir='ltr'>deinde</span> <span class='ocrx_word' id='word_1_276' title='bbox 666 2379 858 2429; x_wconf 82' lang='lat' dir='ltr'>copiarum</span> <span class='ocrx_word' id='word_1_277' title='bbox 892 2378 1018 2426; x_wconf 78' lang='lat' dir='ltr'>duces,</span> <span class='ocrx_word' id='word_1_278' title='bbox 1048 2378 1097 2416; x_wconf 81' lang='lat' dir='ltr'>ad</span> <span class='ocrx_word' id='word_1_279' title='bbox 1124 2378 1302 2416; x_wconf 85' lang='lat' dir='ltr'>ultimum</span> <span class='ocrx_word' id='word_1_280' title='bbox 1329 2377 1482 2415; x_wconf 82' lang='lat' dir='ltr'>milites.</span> 
     </span>
     <span class='ocr_line' id='line_1_37' title="bbox 148 2439 1483 2495; baseline -0.003 -13"><span class='ocrx_word' id='word_1_281' title='bbox 148 2444 375 2495; x_wconf 83' lang='lat' dir='ltr'>Primusque</span> <span class='ocrx_word' id='word_1_282' title='bbox 406 2443 493 2482; x_wconf 84' lang='lat' dir='ltr'>Rex</span> <span class='ocrx_word' id='word_1_283' title='bbox 526 2442 698 2481; x_wconf 65' lang='lat' dir='ltr'>dolabrzt&#39;</span> <span class='ocrx_word' id='word_1_284' title='bbox 713 2442 874 2493; x_wconf 80' lang='lat' dir='ltr'>glaciem</span> <span class='ocrx_word' id='word_1_285' title='bbox 904 2442 1156 2493; x_wconf 79' lang='lat' dir='ltr'>perfringens,</span> <span class='ocrx_word' id='word_1_286' title='bbox 1178 2441 1252 2480; x_wconf 87' lang='lat' dir='ltr'>iter</span> <span class='ocrx_word' id='word_1_287' title='bbox 1281 2440 1354 2480; x_wconf 89' lang='lat' dir='ltr'>sibi</span> <span class='ocrx_word' id='word_1_288' title='bbox 1383 2439 1483 2478; x_wconf 82' lang='lat' dir='ltr'>fecit.</span> 
     </span>
    </p>
   </div>
  </div>
 </body>
</html>
