1583 2680
468 166 631 192 L11313n
670 166 740 191 iv.
783 166 892 191 cnr.
934 166 1019 190 111.
1367 157 1411 192 41

75 262 133 298 tes
161 257 342 297 arborum
372 259 394 276 ¹⁰
410 258 659 296 eminentium
679 258 727 296 ad
746 270 785 296 se
812 257 1029 296 trahentes:
1058 271 1144 309 quae
1171 257 1240 295 ubi
1274 263 1415 297 seeutoe

73 326 193 369 erant,
226 321 406 372 pleraque
445 333 574 359 seeum
606 321 646 358 in
677 321 910 372 profundum
947 321 1111 359 dabant:
1151 325 1235 358 tum
1268 320 1415 358 levatos

73 396 187 422 onere
216 384 369 434 stipites
402 389 633 435 truncosque
668 384 848 422 arborum
875 383 979 422 haud
1012 385 1114 435 aegre
1147 383 1411 421 moliebantur.

73 446 223 484 Deinde
258 451 382 484 totum
414 459 521 497 opuS‚
549 447 651 498 quod
685 447 884 496 stipitibus
917 447 1044 484 fuerat
1077 446 1262 495 innixum,
1282 447 1413 483 funda-

72 518 201 547 mento
221 509 339 559 lapso,
356 508 597 560 sequebatur.
655 509 678 527 ¹¹
734 522 818 560 ,gro
834 509 951 546 animi
970 509 1207 556 Alexandro,
1224 514 1262 547 et
1280 510 1413 546 utrum

73 578 335 622 perseveraret
363 585 410 610 an
444 572 581 620 abiret,
602 572 696 609 satis
727 572 885 622 incerto,
913 572 1046 610 elassis
1082 571 1209 622 Cypro
1245 572 1411 610 advenit.

75 634 297 686 Eodemque
317 639 488 684 tempore
511 633 700 672 Cleander
719 647 806 672 cum
835 633 982 673 Graeeis
1009 634 1200 672 militibus
1219 634 1257 671 in
1278 634 1413 671 Asiam

73 710 194 748 nuper
213 698 406 735 advectus.
466 696 631 736 Centum
651 701 690 734 et
709 697 902 748 octoginta
926 697 1081 735 navium
1101 697 1260 735 classem
1280 697 1319 734 in
1339 697 1413 734 duo

73 760 214 799 dividit
247 773 398 799 cornua.
458 760 618 798 Laevum
652 759 908 810 Pythagoras,
937 760 1026 798 Rex
1059 759 1300 810 Cypriorum,
1328 773 1412 797 eum

75 822 234 861 Cratero
263 823 466 871 tuebatur;
499 822 767 860 Alexandrum
786 823 826 860 in
856 823 993 861 dextro
1015 823 1040 841 ¹²
1055 823 1338 874 quinqueremis
1358 836 1412 860 re-

71 887 135 937 gia
152 886 326 924 vehebat.
386 884 469 923 Nec
504 885 625 935 Tyrii,
654 898 869 936 quanquam
903 885 1062 923 classem
1094 885 1297 933 habebant,
1327 885 1410 922 ausi

71 949 206 987 navale
240 949 337 986 inire
371 953 574 995 certamen,
608 953 684 985 tres
715 948 866 985 omnino
898 961 1014 986 naves
1046 953 1131 986 ante
1165 949 1246 999 ipsa
1276 949 1414 986 moenia

72 1015 341 1062 opposuerunt,
356 1010 495 1061 quibus
516 1010 605 1047 Rex
625 1011 812 1058 invectus,
832 1011 935 1060 ipsas
956 1011 1148 1048 demersit.

154 1077 210 1112 13.
269 1074 435 1112 Postera
468 1073 542 1121 die,
563 1072 683 1110 classe
703 1072 752 1110 ad
779 1073 917 1110 moenia
950 1073 1117 1121 admota,
1138 1074 1305 1124 undique
1339 1079 1412 1111 tor-

70 1137 224 1186 mentis,
244 1142 283 1175 et
301 1135 467 1174 maxime
489 1136 512 1154 ¹³
525 1136 689 1174 arietum
716 1135 842 1186 pulsu,
861 1149 992 1174 muros
1011 1136 1156 1187 quatit,
1187 1150 1280 1187 quos
1303 1137 1411 1187 Tyrii

71 1201 213 1251 raptim
228 1199 436 1238 obstructis
453 1199 556 1236 saxis
570 1199 795 1248 refecerunt,
811 1199 835 1217 ¹⁴
846 1199 1067 1236 interiorem
1082 1212 1233 1250 quoque
1247 1213 1410 1243 murum,

71 1268 116 1301 ut
148 1264 181 1301 si
213 1263 318 1314 prior
345 1262 556 1310 fefellisset,
577 1261 644 1300 illo
679 1274 718 1299 sc
751 1266 964 1309 tuerentur,
985 1262 1153 1313 undique
1187 1263 1274 1300 orsi.
1335 1262 1410 1300 Sed

70 1327 240 1378 undique
254 1326 313 1365 vis
331 1325 422 1363 mali
440 1325 625 1376 urgebat:
647 1324 767 1363 moles
787 1325 887 1362 intra
902 1325 970 1362 teli
987 1326 1134 1374 jactum
1155 1330 1258 1363 erat:
1279 1325 1410 1362 elassis

71 1390 209 1428 moenia
228 1389 475 1427 circumibat:
505 1388 529 1406 ¹⁵
541 1388 717 1426 terrestri
733 1387 847 1425 simul
865 1387 1067 1439 navalique
1083 1388 1189 1426 clade
1204 1388 1411 1426 obrueban-

73 1459 148 1491 tur.
206 1452 230 1471 ¹⁸
245 1452 397 1503 Quippe
434 1451 543 1490 binas
580 1451 842 1502 quadriremes
881 1451 1111 1488 Macedones
1148 1451 1248 1489 inter
1282 1464 1321 1489 se
1357 1452 1411 1488 ita

78 1518 298 1566 junxerant,
318 1520 363 1552 ut
381 1527 506 1564 prorae
525 1514 779 1563 eohaererent3
808 1526 954 1564 puppes
987 1513 1202 1562 intervallo,
1223 1520 1407 1565 quantum

72 1590 204 1628 capere
224 1581 413 1627 poterant,
435 1576 634 1613 distarent.
693 1575 781 1613 Hoc
809 1576 995 1626 puppium
1017 1576 1263 1614 intervallum
1282 1582 1408 1614 anten-

71 1640 131 1677 nis
151 1638 418 1689 asseribusque
436 1638 577 1676 validis
606 1637 796 1688 deligatis,
819 1651 1006 1689 superque
1027 1651 1091 1675 eos
1117 1639 1297 1688 pontibus
1317 1644 1410 1676 stra-

72 1703 133 1750 tis,
154 1702 220 1753 qui
238 1701 404 1739 militem
423 1701 667 1750 sustinerent,
688 1701 964 1751 impleverant:
995 1701 1050 1738 sic
1070 1701 1277 1739 instructas
1295 1703 1408 1752 quad-

70 1765 228 1803 riremes
248 1764 297 1802 ad
323 1763 459 1802 urbem
487 1763 669 1813 agebant:
700 1763 786 1801 inde
814 1763 977 1801 missilia
996 1763 1034 1800 in
1055 1769 1338 1814 propugnantes
1358 1764 1408 1801 in-

70 1828 301 1880 gerebantur
328 1828 427 1877 tuto,
453 1827 544 1878 quia
572 1827 595 1844 ¹⁷
610 1826 733 1877 proris
764 1827 874 1864 miles
908 1827 1117 1878 tegebatur.
1176 1827 1308 1865 Media
1334 1841 1410 1866 nox

70 1896 164 1939 crat,
180 1902 264 1928 cum
284 1890 454 1938 classem,
472 1890 587 1927 sicuti
607 1890 752 1927 dictum
768 1895 837 1939 est,
851 1895 1040 1941 paratam,
1056 1891 1256 1928 circumire
1275 1891 1409 1929 urbem

79 1954 211 2004 jubet:
238 1955 394 2004 jamque
425 1966 543 1990 naves
562 1953 649 1991 urbi
681 1953 850 2004 undique
872 1953 896 1971 ¹⁸
910 1953 1221 2001 admovebantur,
1243 1958 1282 1991 et
1301 1953 1408 2003 Tyrii

72 2017 338 2067 desperatione
356 2015 572 2066 torpebant,
593 2017 682 2053 cum
701 2016 829 2054 subito
850 2017 982 2067 spissae
1009 2016 1128 2054 nubes
1148 2016 1347 2054 intendere
1368 2029 1408 2054 se

72 2080 178 2127 coelo,
201 2084 240 2117 et
267 2079 456 2130 quidquid
488 2078 586 2116 lueis
606 2079 901 2128 ¹⁹internitebat,
923 2080 1043 2117 effusa
1072 2079 1245 2130 ealigine,
1267 2079 1410 2117 extinc-

72 2147 154 2179 tum
187 2147 256 2179 est.
315 2141 414 2178 Tum
446 2141 708 2180 inhorrescens
743 2156 848 2180 mare
881 2142 1066 2193 paulatim
1102 2141 1234 2190 levari,
1269 2142 1407 2180 deinde

72 2204 211 2242 acriori
229 2210 344 2242 vento
373 2204 605 2243 concitatum
624 2205 762 2244 fluetus
791 2205 901 2253 ciere,
922 2210 961 2243 et
981 2205 1084 2243 inter
1103 2218 1143 2242 se
1162 2205 1316 2255 navigia
1335 2205 1408 2241 eol-

71 2266 200 2304 lidere.
258 2267 423 2318 Jamque
459 2267 582 2305 scindi
620 2273 816 2319 coeperant
851 2267 1015 2316 vincula,
1049 2267 1188 2319 quibus
1228 2280 1409 2304 connexa}

70 2329 331 2380 quadriremes
352 2333 469 2378 erant,
488 2343 598 2368 ruere
618 2331 642 2348 ²⁰
658 2331 843 2379 tabulata,
863 2335 903 2368 et
922 2343 1007 2368 eum
1028 2330 1172 2380 ingenti
1198 2330 1347 2378 fragore
1369 2328 1408 2365 in

69 2392 300 2443 profundum
321 2405 448 2430 secum
466 2393 609 2431 milites
629 2393 790 2431 trahere.
852 2393 988 2444 Neque
1003 2393 1101 2430 enim
1117 2397 1288 2429 conserta
1308 2390 1407 2426 navi-

70 2455 131 2506 gia
150 2455 231 2493 ulla
253 2468 323 2506 ope
339 2455 378 2492 in
397 2455 420 2473 ²¹
436 2455 588 2494 turbido
608 2456 688 2506 regi
709 2461 896 2506 poterant.
956 2455 1071 2493 Miles
1090 2453 1302 2491 ministeria
1321 2465 1404 2489 nau·
