1583 2680
457 109 618 135 11111111
660 109 728 134 vl.
773 109 884 134 car.
929 108 1021 134 v11.
1338 97 1409 135 127

63 223 139 250 11011
157 210 260 250 ultra
278 211 597 262 interpellandum
626 216 741 261 ratus,
760 211 880 250 nobili
896 210 1027 261 juveni
1062 210 1231 260 (Metron
1263 215 1346 248 crat
1375 212 1410 249 ei

62 276 212 325 nomen)
244 287 357 324 supra
375 274 708 313 armamentarium
736 274 873 326 posito,
905 273 1006 325 quod
1038 273 1160 311 scelus
1196 278 1408 323 pararetur,

62 336 217 375 indicat.
299 337 386 386 Ille,
409 336 590 376 Cebalino
610 337 649 375 in
668 337 956 376 armamentario
979 336 1213 384 abscondito,
1232 337 1409 386 protinas

63 399 163 451 Regi
183 412 319 450 corpus
337 400 436 438 forte
457 400 618 447 curanti,
637 400 729 452 quid
749 400 784 438 ei
801 399 919 438 index
945 399 1155 447 detulisset,
1175 399 1353 437 ostendit.

142 465 203 500 21.
235 463 335 512 Rex,
369 463 418 501 ad
450 463 847 514 comprehendendum
880 462 1075 513 Dymnum
1106 463 1234 501 missis
1269 462 1406 500 satelli-

64 526 179 573 tibus,
200 526 537 564 armamentarium
567 526 696 564 intrat.
768 526 833 564 Ibi
863 525 1068 565 Cebalinus
1100 525 1240 577 gaudio
1269 525 1405 573 elatus,

63 592 85 610 ‘⁴
101 589 238 627 Habeo
273 590 347 637 te,⁷’
381 589 517 640 inquit,
539 591 560 610 “
577 589 805 627 ineolumem
827 602 874 627 ex
890 589 1092 639 impiorum
1111 588 1287 626 manibus
1307 601 1407 638 erep-

63 653 181 689 tum.''
238 652 520 690 Percunetatus
540 652 678 690 deinde
700 652 923 690 Alexander
955 665 1043 703 quae
1071 651 1264 690 noscenda
1282 656 1407 700 erant,

63 714 197 752 ordine
218 720 353 753 cuncta
372 715 578 766 cognoscit.
638 715 868 766 Rursusque
888 715 1034 752 institit
1061 727 1246 766 quaerere,
1266 719 1408 765 quotus

63 777 146 815 dies
180 783 292 826 esset,
313 791 361 816 ex
392 791 467 829 quo
489 778 745 816 Nicomachus
779 778 828 815 ad
862 790 949 816 eum
984 777 1190 816 detulisset
1209 777 1405 815 indicium.

65 841 196 892 Atque
229 841 297 879 illo
317 842 461 880 fatente
489 843 569 891 jam
602 841 761 879 tertium
781 853 875 890 esse,
897 841 1120 879 existimans
1153 840 1257 878 haud
1289 841 1409 878 incor-

62 907 177 954 rupta
213 905 287 943 fide
331 905 438 942 tanto
476 909 566 954 post
604 904 754 942 deferre
791 917 876 955 quze
915 903 1101 952 audierat,
1139 903 1276 942 vinciri
1321 917 1409 941 eum

67 967 196 1016 jussit.
276 967 350 1005 Ille
387 967 583 1004 clamitare
621 967 748 1017 coepit,
787 966 956 1005 “eodem
994 967 1178 1017 temporis
1214 971 1408 1005 momento

59 1043 134 1081 quo
154 1029 336 1080 audisset,
355 1029 404 1067 ad
437 1029 632 1067 Philotam
652 1029 864 1067 decurrisse
881 1041 889 1066 :
919 1029 966 1067 ab
986 1042 1030 1067 eo
1050 1029 1405 1079 percunctaretur.’'

61 1093 149 1130 Rex
180 1093 273 1130 item
305 1104 491 1143 quaerenS,
512 1093 532 1112 “
550 1105 598 1129 an
618 1091 815 1129 Philotam
836 1091 998 1138 adisset,
1021 1093 1105 1129 ¹⁷an
1125 1092 1333 1130 institisset
1360 1093 1408 1140 ei,

62 1160 105 1193 ut
124 1155 342 1206 perveniret
362 1155 410 1192 ad
430 1168 470 1193 se
486 1167 494 1204 3
509 1155 530 1174 ”
560 1158 830 1205 perseverante
851 1167 895 1192 eo
915 1154 1102 1192 affirmare
1131 1168 1218 1206 quae
1239 1155 1407 1203 dixerat,

61 1232 196 1256 manus
225 1219 275 1257 ad
309 1218 447 1256 eoelum
481 1217 654 1265 tendens,
674 1217 919 1256 manantibus
951 1217 1143 1268 lacrymis,
1163 1217 1260 1256 hane
1294 1218 1368 1256 sibi
1387 1232 1409 1255 a

62 1282 257 1319 carissimo
298 1281 490 1333 quondam
523 1281 732 1318 amicorum
763 1280 924 1318 relatam
960 1281 1125 1331 gratiam
1161 1280 1405 1332 querebatur.

63 1344 176 1382 Inter
207 1345 289 1383 haee
323 1344 508 1395 DymnuS,
542 1343 646 1382 haud
678 1344 846 1395 ignarus,
880 1356 995 1394 quam
1023 1343 1072 1382 ob
1106 1356 1259 1382 causam
1287 1357 1407 1382 aecer-

62 1411 212 1445 seretur
244 1397 267 1444 a
299 1407 422 1458 Rege,
457 1406 586 1458 gladio
624 1419 700 1457 quo
727 1406 828 1444 forte
862 1411 946 1444 erat
977 1406 1136 1454 cinctus,
1169 1406 1340 1458 graviter
1369 1419 1409 1444 se

61 1469 260 1507 vulnerat:
304 1481 537 1520 occursuque
571 1469 782 1507 satellitum
813 1468 1015 1517 inhibitus,
1051 1469 1247 1519 perfertur
1284 1469 1325 1506 in
1353 1482 1408 1506 re-

62 1532 173 1583 giam.
232 1531 357 1577 Quem
378 1532 530 1569 intuens
550 1531 663 1569 Rex:
706 1534 728 1553 “
747 1531 897 1579 Qu0d‚“
917 1532 1055 1582 inquit,
1077 1534 1098 1553 “
1116 1532 1155 1569 in
1177 1536 1225 1582 te,
1245 1531 1407 1582 Dymne,

63 1600 212 1632 tantum
233 1594 399 1645 cogitavi
417 1594 538 1642 nefas,
558 1599 602 1631 ut
629 1593 703 1632 tibi
736 1593 991 1631 Macedonum
1011 1607 1129 1644 regno
1149 1594 1298 1645 dignior
1319 1594 1407 1632 Phi-

63 1658 162 1695 lotas
180 1670 241 1695 me
261 1669 411 1708 quoque
431 1657 513 1707 ipso
532 1656 763 1695 videretur?
782 1657 804 1676 ⁷³
863 1656 982 1694 Illum
999 1658 1079 1706 jam
1108 1656 1301 1694 defecerat
1319 1670 1405 1695 vox.

64 1721 202 1772 Itaque
239 1720 343 1758 edito
379 1720 538 1772 gemitu,
576 1719 763 1771 vultuque
800 1733 823 1757 a
859 1724 1064 1770 conspectu
1102 1719 1224 1770 Regis
1261 1733 1407 1767 averso,

63 1784 225 1823 subinde
245 1783 436 1834 collapsus
456 1783 708 1834 extinguitur.

141 1851 202 1885 22.
233 1847 333 1895 Rex,
377 1846 537 1884 Philota
569 1847 699 1885 venire
732 1846 772 1883 in
801 1846 945 1897 regiam
974 1847 1095 1896 jusso,
1126 1847 1146 1866 “
1165 1845 1407 1895 Cebalinus,⁷'

67 1910 201 1962 inquit,
239 1909 449 1948 “ultimum
486 1909 715 1959 supplicium
760 1909 934 1957 meritus,
975 1909 1008 1946 si
1044 1909 1084 1946 in
1122 1913 1239 1959 eaput
1282 1922 1408 1946 meum

63 1977 298 2024 praeparatas
318 1972 478 2010 insidias
510 1972 629 2011 biduo
650 1972 824 2019 texisset,
845 1972 960 2022 hujus
980 1972 1151 2009 criminis
1178 1985 1286 2009 reum
1319 1971 1408 2009 Phi-

66 2036 183 2074 lotam
220 2035 432 2084 substituit,
470 2035 520 2073 ad
555 2048 668 2086 quem
706 2035 880 2086 protinas
919 2035 1104 2072 indicium
1141 2034 1326 2073 detulisse
1368 2047 1409 2072 se

66 2099 237 2136 affirmat.
294 2098 320 2117 ¹⁸
335 2097 421 2144 Quo
453 2099 629 2149 propiore
659 2099 785 2150 gradu
812 2098 992 2136 amicitiae
1021 2111 1082 2137 me
1116 2098 1317 2150 contingis,
1338 2098 1409 2135 hoe

66 2163 190 2211 majus
211 2165 270 2198 est
289 2160 606 2199 dissimulationis
625 2166 702 2199 tuae
728 2161 877 2199 facinus
894 2175 900 2199 1
931 2167 971 2199 et
990 2174 1060 2212 ego
1083 2160 1268 2200 Cebalino
1287 2161 1409 2211 magis

66 2226 182 2275 qnam
216 2223 384 2262 Philotae
417 2224 457 2261 id
489 2225 691 2263 convenire
724 2225 858 2263 fateor.
917 2225 1127 2263 Faventem
1160 2225 1279 2263 habes
1309 2223 1406 2273 judi-

68 2302 161 2335 cem,
196 2287 228 2325 si
260 2287 363 2338 quod
395 2287 549 2326 admitti
585 2301 661 2326 non
694 2289 876 2339 oportuit,
907 2289 1043 2326 saltem
1080 2289 1211 2339 negari
1247 2287 1408 2338 potest.”

69 2350 134 2388 Ad
154 2350 234 2391 haec
267 2349 454 2396 Philotas,
474 2350 576 2387 haud
610 2353 699 2388 sane
734 2351 919 2401 trepidus,
950 2351 983 2388 si
1013 2351 1160 2388 animus
1179 2350 1290 2387 vultu
1310 2349 1407 2386 aesti-

71 2418 248 2461 maretur,
288 2412 553 2451 “Cebalinum
590 2413 744 2464 quidem
782 2414 898 2451 scorti
945 2426 1154 2451 sermonem
1195 2412 1242 2448 ad
1273 2423 1312 2448 se
1346 2410 1403 2448 de-
