1583 2680
485 147 646 172 menn
684 147 756 172 ιν.
802 146 912 172 CAr.
958 145 1051 170 vli.
1387 135 1432 170 51

97 246 179 279 tum
197 240 416 292 peregrinos
436 240 535 278 ritus
563 242 663 278 nova
683 239 871 278 subeunte
899 239 1063 276 fortuna.
1122 237 1200 274 Per
1220 237 1317 274 talos
1337 237 1437 274 enim

97 304 279 354 spirantis
310 304 392 341 lora
422 305 586 353 trajecta
614 307 714 351 sunt,
734 302 1012 353 religatumque
1032 301 1081 338 ad
1100 313 1253 338 currum
1285 303 1437 338 traxere

96 368 197 406 eirca
214 367 347 406 urbem
368 367 475 418 equi3
506 367 694 417 gloriante
724 365 831 416 Rege
851 365 1057 412 Achillem,
1078 377 1100 402 a
1124 377 1199 415 quo
1219 377 1337 415 genus
1357 364 1437 414 ipse

97 431 316 478 deduceret,
338 430 533 467 imitatum
553 443 592 467 se
613 442 694 467 esse
712 431 825 479 poena
844 428 883 465 in
902 428 1052 466 hostem
1081 427 1276 478 capienda.
1336 426 1436 466 Ceci-

97 494 189 532 dere
209 494 417 532 Persarum
439 493 689 544 Arabumque
717 492 818 530 eirca
835 505 862 529 x
892 491 1034 541 millia3
1064 504 1134 529 nee
1164 490 1439 528 Macedonibus

97 558 298 596 incruenta
313 557 474 595 victoria
493 557 578 594 fuit.
639 555 801 595 Obsidio
822 555 926 593 certe
946 568 1022 593 non
1041 559 1119 592 tam
1138 554 1313 592 claritate
1332 554 1438 592 urbis

96 621 303 659 nobilitata
323 626 393 669 est,
413 622 530 671 quam
560 620 752 671 geminato
782 619 952 670 periculo
981 618 1116 670 Regis,
1136 618 1204 670 qui
1224 617 1439 668 AEgyptum

99 685 201 722 adire
222 684 419 732 festinans,
441 684 654 733 Amyntam
682 696 768 721 eum
796 683 926 721 decem
956 681 1179 720 triremibus
1198 681 1238 719 in
1266 681 1426 719 Macedo

97 748 200 785 niam
233 748 261 765 ²⁸
275 747 323 785 ad
358 747 645 798 inquisitionem
677 759 862 785 novorum
893 745 1060 783 militum
1091 745 1206 783 misit.
1263 745 1439 795 Namque

97 811 243 862 praeliis
272 811 387 849 ctiam
417 810 598 848 secundis
626 811 652 828 ²⁰
665 810 930 848 atterebantur
957 809 1096 859 eopiae3
1132 808 1440 858 devictarumque

98 875 272 925 gentium
291 875 420 921 militi,
441 874 466 892 ³⁰
481 874 605 912 minor
625 874 742 925 quam
761 873 971 911 domestico
989 872 1082 910 fides
1101 871 1323 909 habebatur.

181 937 282 976 VII.
314 941 374 975 27.
408 937 589 988 AEgyptii
610 939 619 955 ¹
637 937 729 975 olim
750 937 958 974 Persarum
977 935 1113 986 opibus
1132 934 1282 982 infensi,
1302 933 1442 985 quippe

101 1001 216 1039 avare
237 1005 277 1038 et
311 1000 473 1050 superbe
508 1000 772 1050 imperitatum
803 999 877 1038 sibi
907 1012 989 1037 esse
1017 998 1232 1046 eredebant,
1262 997 1310 1035 ad
1338 1010 1442 1048 spem

100 1063 292 1101 adventus
312 1065 395 1113 ejus
416 1067 616 1100 erexerant
644 1062 802 1109 animos,
822 1061 957 1111 utpote
978 1061 1044 1112 qui
1063 1061 1275 1111 Amyntam
1293 1073 1443 1112 quoque

101 1127 351 1178 transfugam,
372 1130 411 1164 et
430 1126 442 1144 ²
458 1139 543 1164 cum
561 1125 733 1176 precario
763 1124 923 1175 imperio
942 1123 1157 1163 venientem
1184 1123 1267 1162 laeti
1285 1123 1442 1173 recepis-

102 1195 197 1233 sent.
257 1189 388 1241 Igitur
407 1190 540 1238 ingens
560 1187 770 1226 multitudo
791 1187 1006 1235 Pelusium,
1026 1189 1105 1238 qua
1123 1187 1337 1224 intraturus
1357 1187 1445 1224 Rex

105 1253 317 1302 videbatur,
348 1257 588 1291 convenerat.
646 1252 779 1303 Atque
809 1250 876 1289 ille
911 1250 1075 1302 septimo
1107 1250 1181 1299 die,
1202 1255 1404 1301 postquam
1425 1263 1447 1286 a

105 1317 116 1334 ³
133 1316 238 1356 Gaza
275 1316 403 1367 copias
446 1320 629 1365 moverat,
667 1315 707 1352 in
743 1315 937 1366 regionem
981 1314 1159 1366 AEgypti,
1197 1327 1310 1366 quam
1345 1327 1445 1351 nune

103 1381 114 1398 ⁴
129 1386 263 1419 castra
307 1379 535 1418 Alexandri
570 1383 720 1426 vocant,
763 1378 949 1429 pervenit.
1008 1377 1159 1416 Deinde
1205 1377 1446 1428 pedestribus

105 1444 224 1495 copiis
245 1443 446 1482 Pelusium
465 1447 597 1493 petere
626 1443 759 1492 jussis,
781 1442 862 1492 ipse
895 1455 981 1479 cum
1012 1441 1194 1492 expedita
1214 1441 1447 1479 delectorum

105 1521 230 1555 manu,
254 1507 347 1545 Nilo
367 1519 475 1544 amne
494 1511 629 1545 vectus
649 1511 718 1544 est.
790 1505 827 1543 N
832 1518 873 1543 ec
895 1505 1112 1543 sustinuere
1140 1505 1346 1543 adventum
1366 1505 1448 1554 ejus

109 1571 251 1619 Persae,
284 1569 495 1607 defectione
527 1581 677 1619 quoque
710 1569 917 1618 perterriti.
988 1568 1155 1619 Jamque
1187 1568 1290 1605 haud
1317 1566 1450 1618 procul

110 1632 283 1683 Memphi
302 1636 385 1670 erat
401 1644 408 1681 ;
438 1631 479 1668 in
498 1633 607 1680 eujus
626 1630 806 1681 praesidio
827 1621 1003 1668 Mazaces
1034 1630 1186 1668 Praetor
1216 1631 1326 1668 Darii
1345 1630 1449 1668 relic-

109 1702 185 1744 tus,
219 1695 360 1747 ⁶[0sti0
391 1694 512 1732 amnis
546 1693 759 1744 superato]‚
797 1693 1018 1743 octingenta
1047 1693 1192 1730 talenta
1214 1693 1449 1741 Alexandro,

110 1771 334 1811 omnemque
354 1757 499 1808 regiam
529 1757 806 1806 supellectilem
826 1755 997 1794 tradidit.
1055 1756 1094 1793 Λ
1115 1755 1298 1806 Memphi,
1319 1756 1449 1794 eodem

111 1823 264 1862 flumine
283 1826 429 1870 vectus,
449 1821 461 1839 ⁶
476 1821 525 1859 ad
544 1821 729 1859 interiora
742 1820 908 1872 AEgypti
928 1825 1125 1870 penetrat;
1157 1820 1452 1870 compositisque

112 1887 238 1938 rebus,
257 1886 313 1924 ita
330 1890 377 1924 ut
394 1885 494 1923 nihil
513 1898 561 1923 ex
580 1884 707 1935 patrio
729 1883 1006 1935 AEgyptiorum
1033 1896 1137 1921 more
1158 1888 1332 1933 mutaret,
1351 1883 1454 1920 adire

114 1951 143 1990 J
146 1951 229 1989 ovis
250 1949 478 1988 Hammonis
497 1948 695 1987 oraculum
715 1948 862 1986 statuit.

196 2016 257 2052 28.
315 2012 412 2061 Iter,
443 2011 636 2062 expeditis
666 2023 817 2062 quoque
848 2015 888 2048 et
917 2009 1049 2060 paucis
1068 2009 1135 2049 vix
1166 2009 1375 2057 tolerabile,
1406 2010 1442 2047 in

117 2076 367 2128 grediendum
387 2080 469 2113 erat
486 2087 494 2112 :
516 2077 621 2112 terra
636 2073 805 2124 coeloque
821 2086 1005 2124 aquarum
1023 2073 1184 2123 penuria
1203 2084 1262 2112 est
1279 2086 1286 2111 :
1308 2074 1452 2111 steriles

119 2152 243 2177 arenae
266 2140 417 2188 jacent;
464 2149 559 2187 quas
595 2136 662 2174 ubi
698 2149 816 2186 vapor
849 2135 940 2174 solis
977 2136 1159 2185 accendit,
1197 2137 1344 2175 fervido
1378 2137 1457 2174 solo

122 2207 305 2240 exurente
335 2201 510 2250 vestigia,
541 2199 796 2237 intolerabilis
826 2205 944 2237 aestus
978 2199 1133 2238 existit:
1164 2199 1459 2250 luctandumque

122 2272 181 2303 est
199 2278 274 2302 non
294 2265 447 2301 tantum
467 2277 551 2300 cum
571 2263 705 2300 ardore
724 2268 763 2300 ct
778 2262 951 2301 siccitate
971 2263 1149 2314 regionis,
1167 2263 1232 2301 sed
1250 2264 1362 2300 etiam
1376 2276 1461 2300 eum

123 2327 364 2367 tenacissimo
395 2326 538 2375 sabulo,
560 2326 688 2377 ⁷qu0d
718 2326 920 2377 praealtum
951 2331 990 2363 et
1008 2326 1170 2376 vestigio
1191 2326 1327 2363 cedens
1360 2326 1457 2375 {egri³

126 2392 336 2430 moliuntur
372 2389 500 2440 pedes.
578 2389 675 2427 Haee
715 2389 896 2440 AEgyptii
934 2402 1024 2427 vero
1071 2391 1214 2437 majora
1256 2388 1455 2436 jactabant

127 2456 204 2494 Sed
252 2455 384 2505 ingens
432 2453 569 2503 cupido
617 2453 780 2490 animum
830 2452 1054 2490 stimulabat
1101 2451 1265 2489 adeundi
1312 2451 1464 2490 Jovcm.
