1583 2680
459 144 620 170 11111111
658 143 750 170 VII.
791 143 900 169 CAP.
940 143 1019 168 111.
1343 133 1414 171 149

70 253 143 288 rat.
198 247 434 286 Felicissimo
454 247 567 299 Regi,
588 251 628 285 et
647 246 772 285 omnia
789 246 838 285 ad
854 246 1019 285 fortunae
1038 258 1117 284 suae
1144 245 1311 298 exigenti
1338 259 1413 285 mo-

71 311 171 360 dum,
199 310 395 348 satisfecit.
453 311 465 328 ⁹
481 309 733 361 Septuaginta
757 313 870 348 natus
897 321 1024 358 annos,
1049 309 1200 359 juvenis
1228 309 1346 358 ducis,
1375 315 1416 347 et

70 374 172 424 saepe
191 373 307 411 etiam
325 373 492 424 gregarii
510 373 645 410 militis
664 372 795 411 munia
808 371 995 422 explevit;
1017 385 1102 410 acer
1116 371 1286 420 consilio,
1301 385 1415 409 manu

70 442 260 484 strenuus,
274 448 386 473 carus
401 427 648 486 principibus,
664 435 778 487 vulgo
789 435 952 473 militum
962 435 1157 486 acceptior.
1198 436 1224 454 ¹⁰
1239 434 1334 473 Haee
1350 435 1414 472 im-

70 499 237 550 pulerint
256 512 343 537 cum
362 499 410 537 ad
429 499 537 550 regni
556 499 815 549 cupiditatem,
834 511 881 536 an
899 503 1049 536 tantum
1075 502 1295 548 suspectum
1321 498 1414 535 fece-

70 562 159 610 rint,
179 561 320 612 ambigi
338 566 489 612 potest;
525 562 548 579 ¹¹
563 561 654 612 quia
673 561 861 609 Philotas,
880 560 1024 599 ultimis
1039 560 1268 599 cruciatibus
1282 560 1414 608 victus,

69 637 208 662 verane
227 624 380 672 dixerit,
400 637 485 675 quae
512 624 614 661 facta
641 623 794 674 probari
818 636 893 661 non
921 628 1108 674 poterant,
1128 636 1177 661 an
1204 623 1310 660 falsis
1340 627 1415 660 tor-

70 692 287 725 mentorum
304 687 459 737 petierit
476 687 599 734 finem,
619 699 660 724 re
678 699 824 737 quoque
851 686 1005 734 recenti,
1025 687 1114 724 esim
1140 685 1262 737 magis
1289 690 1415 736 posset

71 750 228 802 liquere,
249 751 465 789 dubitatum
484 756 551 789 est.
609 750 841 798 Alexander,
861 762 955 801 quos
984 749 1105 788 libere
1133 754 1296 787 mortem
1323 749 1415 786 Par-

71 814 255 852 menionis
274 820 495 864 conquestos
514 826 595 851 esse
609 812 1101 864 compererat,-separandos
1120 825 1143 849 a
1160 817 1295 851 eaetero
1315 824 1415 849 exer-

72 876 153 914 citu
170 882 287 925 ratus,
308 877 348 914 in
366 890 480 914 unam
498 876 692 914 cohortem
710 876 884 924 secrevit,
904 876 1109 926 ducemque
1128 875 1188 913 his
1208 874 1416 912 Leonidam

74 939 193 987 dedit,
214 944 253 977 et
270 940 397 990 ipsum
416 939 661 977 Parmenioni
679 939 866 990 quondam
893 939 1030 976 intima
1056 938 1315 976 familiaritate
1334 949 1416 975 con-

79 1003 264 1052 junctum.
321 1002 420 1040 Fere
440 1001 557 1040 iidem
575 1006 698 1049 erant,
717 1014 811 1052 quos
831 1002 854 1019 ¹²
868 1001 1010 1052 alioqui
1038 1001 1124 1039 Rex
1150 1000 1337 1040 habuerat
1363 999 1417 1037 in·

73 1064 184 1102 visos.
244 1063 345 1102 Nam
363 1065 452 1101 cum
470 1063 634 1114 experiri
653 1063 770 1102 vellet
786 1063 954 1101 militum
981 1063 1136 1111 animos,
1157 1064 1181 1081 ¹³
1197 1062 1415 1112 admonuit;

73 1126 233 1178 “siquis
263 1126 414 1164 litteras
443 1126 483 1163 in
513 1126 777 1164 Macedoniam
803 1125 853 1163 ad
881 1138 970 1163 suos
998 1125 1224 1175 scripsisset,
1242 1125 1301 1174 iis,
1323 1137 1418 1175 quos

73 1189 154 1240 ipse
172 1189 362 1238 mittebat,
381 1189 587 1240 perlaturis
606 1202 692 1226 eum
711 1188 796 1237 fide,
817 1189 1022 1228 traderet.”
1077 1188 1101 1206 ¹⁴
1116 1188 1351 1238 Simpliciter
1370 1187 1419 1225 ad

74 1252 302 1290 necessarios
321 1265 407 1290 suos
424 1252 581 1303 quisque
600 1252 814 1302 scripserat,
829 1265 913 1303 quae
932 1251 1127 1290 sentiebat.
1173 1251 1276 1289 Aliis
1294 1251 1420 1302 gravis

75 1319 166 1363 erat,
185 1314 374 1366 plerisque
391 1327 468 1352 non
487 1314 639 1366 ingrata
656 1313 805 1352 militia.
861 1313 927 1352 Ita
946 1318 984 1351 et
1002 1313 1195 1365 agentium
1221 1313 1368 1365 gratias
1383 1317 1421 1350 et

75 1377 307 1429 querentium
325 1377 466 1416 litterae
485 1382 654 1428 exceptae
673 1382 773 1416 sunt.
832 1377 856 1395 ¹⁵
870 1377 925 1415 Et
942 1377 1008 1428 qui
1025 1377 1124 1415 forte
1143 1376 1302 1415 taedium
1319 1376 1419 1414 labo-

76 1441 130 1478 ris
146 1453 214 1491 per
231 1440 380 1478 litteras
399 1445 507 1478 erant
533 1440 672 1492 questi,
690 1440 786 1478 hanc
813 1442 978 1478 seorsum
1005 1440 1196 1478 cohortem
1222 1453 1245 1477 a
1272 1439 1421 1477 caeteris

77 1502 229 1540 tendere
259 1502 475 1553 ignominiae
503 1505 618 1540 causa
643 1502 773 1552 jubet3
812 1502 1038 1540 fortitudine
1061 1514 1201 1540 usurus
1232 1501 1272 1539 in
1307 1501 1421 1550 bello,

77 1564 298 1603 libertatem
315 1564 457 1615 linguae
476 1565 523 1602 ab
542 1565 697 1603 auribus
711 1564 876 1602 credulis
888 1569 1109 1602 remoturus.
1140 1564 1195 1602 Et
1209 1564 1421 1612 eonsilium,

79 1627 321 1665 temerarium
365 1627 528 1665 forsitan
565 1627 718 1678 (quippe
753 1621 954 1665 fortissimi
988 1627 1149 1676 juvenes
1185 1626 1422 1664 contumeliis

78 1690 221 1728 irritati
258 1691 392 1740 erant),
430 1689 530 1727 sicut
575 1689 700 1727 omnia
747 1689 823 1726 alia
867 1688 1032 1726 felicitas
1070 1688 1189 1740 Regis
1227 1689 1250 1706 ¹⁶
1263 1688 1420 1738 excepit.

80 1752 193 1791 Nihil
223 1752 304 1790 illis
337 1752 387 1790 ad
418 1752 519 1791 bella
549 1752 762 1802 promptius
793 1751 877 1790 fuit.
935 1751 1131 1789 Incitabat
1166 1751 1348 1789 virtutem
1384 1756 1424 1788 ct

78 1815 296 1868 ignominiae
325 1815 518 1854 demendae
546 1815 694 1865 cupido,
725 1819 765 1853 et
793 1814 882 1866 quia
910 1815 1071 1852 fortiora
1098 1814 1200 1852 faeta
1228 1814 1267 1851 111
1294 1814 1424 1864 paucis

78 1880 201 1917 latero
215 1891 291 1917 non
308 1883 495 1930 poterant.

160 1941 241 1980 ΙΙΙ.
270 1945 306 1981 9.
336 1941 413 1980 His
441 1941 500 1979 ita
529 1940 759 1992 compositis,
788 1940 1020 1989 Alexander,
1054 1940 1234 1978 Ariorum
1265 1941 1424 1990 Satrape

82 2005 303 2053 constituto,
322 2004 398 2043 iter
415 2004 658 2055 pronunciari
672 2004 784 2054 jubet
803 2003 844 2041 in
871 2004 1079 2054 Ariaspas;
1110 2017 1204 2055 quos
1227 2005 1308 2053 jam
1334 2007 1425 2041 tunc

82 2071 230 2105 mutato
248 2066 396 2105 nomine
416 2069 636 2116 Evergecas
655 2067 909 2118 appellabant,
930 2068 939 2085 ¹
955 2080 1003 2104 ex
1028 2079 1102 2118 quo
1121 2066 1263 2118 frigore
1280 2066 1424 2104 vietus-

82 2143 155 2180 que
183 2129 344 2180 penuria
374 2129 466 2180 Cyri
497 2131 709 2168 exereitum
738 2130 913 2168 affectum
941 2129 1053 2168 tectis
1080 2133 1119 2168 et
1156 2118 1424 2168 commeatibus

91 2195 282 2242 juverant.
339 2191 504 2238 Quintus
522 2193 604 2231 dies
622 2198 715 2241 erat,
737 2198 782 2230 ut
801 2193 840 2230 in
859 2205 942 2230 eam
960 2192 1154 2244 regionem
1180 2196 1422 2243 pervenerat3

84 2254 278 2307 cognoscit
298 2254 592 2305 Satffiarzanem,
610 2256 677 2307 qui
695 2255 744 2293 ad
763 2255 925 2293 Bessum
943 2255 1143 2304 defecerat,
1156 2268 1242 2293 cum
1257 2254 1426 2305 equitum

86 2331 200 2355 manu
220 2316 403 2367 irrupisse
422 2319 557 2355 rursus
575 2318 614 2355 in
633 2318 759 2357 Arios.
815 2318 950 2369 Itaque
963 2317 1165 2369 praemittit
1184 2316 1372 2356 Caranum
1387 2319 1426 2352 et

89 2380 290 2432 Erigyium
308 2393 392 2417 cum
412 2380 606 2418 Artabazo
624 2385 662 2418 et
681 2381 913 2429 Andronico,
932 2386 970 2419 et
989 2394 1056 2419 sex
1083 2380 1252 2418 millibus
1279 2378 1424 2416 Graeco-

91 2457 172 2482 rum
200 2443 396 2494 peditum:
425 2443 592 2480 sexcenti
621 2444 767 2493 equites
795 2444 1056 2495 sequebantur.
1115 2443 1203 2492 Ipse
1231 2440 1427 2491 sexaginta
