1583 2680
572 199 735 226 mann
769 199 811 227 x,
851 199 962 226 car.
998 200 1064 225 1v.
1416 195 1491 233 ‘253

152 305 297 333 mecum
313 292 355 331 in
370 291 611 331 matrimonio
635 293 760 344 junxi,
779 305 854 331 non
873 292 1098 345 dedignatus
1117 305 1165 330 ex
1182 292 1335 343 captiva
1353 292 1494 332 liberos

151 356 298 395 tollere.
354 355 476 395 ⁸Mox
509 355 647 394 deinde
680 358 769 394 ci'im
802 356 961 407 stirpem
990 356 1138 408 generis
1165 355 1240 393 mei
1266 355 1382 394 latins
1410 369 1494 407 pro-

146 433 287 472 pagare
305 433 490 471 cuperem,
509 433 665 459 uxorem
693 419 803 458 Darii
834 420 950 458 filiam
978 419 1092 469 duxi3
1121 419 1377 470 proximisque
1405 419 1493 457 ami-

146 496 275 522 corum
305 488 437 521 auctor
465 483 535 533 fui,
555 496 603 521 ex
630 483 791 534 captivis
820 482 1027 535 generandi
1052 482 1206 531 liberos,
1225 488 1271 520 ut
1289 483 1360 521 hoc
1387 496 1492 522 saci-o

146 545 286 585 foedere
318 559 427 585 omne
458 546 660 585 discrimen
692 546 784 585 victi
821 551 859 584 et
890 546 1049 585 victoris
1080 545 1330 584 excluderem.
1400 547 1493 585 Pro-

145 609 235 648 inde
254 610 405 662 genitos
423 623 504 649 esse
522 623 590 649 vos
619 609 726 658 mihi,
746 623 821 648 non
841 610 982 648 ascitos
999 609 1156 658 milites,
1175 609 1329 648 credite.
1386 610 1493 648 Asiae

145 678 184 712 ct
203 673 370 724 Europae
387 687 505 712 unum
535 678 648 725 atque
677 673 778 712 idem
804 686 965 725 regnum
992 677 1070 723 est;
1102 673 1356 712 Macedonum
1384 673 1492 712 vobis

145 749 250 775 arma
281 737 340 776 do.
411 737 630 776 Inveteravi
660 737 896 789 peregrinam
930 737 1162 776 novitatem:
1205 742 1245 775 ct
1282 736 1382 775 cives
1418 737 1492 774 mei

145 802 236 840 estis
256 808 295 840 et
312 802 467 842 milites.
526 802 668 842 Omnia
700 802 875 841 eumdem
907 801 1049 840 ducunt
1067 801 1242 840 colorem.
1301 801 1383 840 Nec
1402 802 1492 839 Per-

145 866 198 904 sis
216 866 469 904 Macedonum
486 879 609 904 mores
639 865 877 914 adumbrare,
896 878 966 903 nec
993 864 1267 904 Macedonibus
1286 865 1491 903 Persarum

145 929 291 968 imitari
321 929 538 968 indecorum
566 935 633 969 est.
690 929 875 979 Ejusdem
901 929 1002 979 juris
1034 941 1117 967 esse
1147 929 1295 978 debent,
1323 928 1389 979 qui
1421 928 1492 966 sub

144 992 276 1031 eodem
294 993 401 1045 Rege
419 994 432 1012 ⁹
445 993 586 1031 victuri
605 994 730 1032 sunt.⁷'

663 1095 668 1099 Ι
751 1054 841 1098 [Hac
856 1055 1004 1087 oratione
1020 1054 1144 1094 habita,
1157 1054 1262 1087 Persis
1278 1054 1424 1097 eorporis
1439 1054 1491 1086 sui

144 1109 333 1142 custodiam
357 1109 509 1142 eredidit.
565 1110 683 1142 Persas
708 1109 877 1148 satellites,
910 1110 1027 1142 Persas
1057 1109 1266 1152 apparitores
1297 1109 1384 1141 fecit.
1429 1110 1493 1141 Per

145 1174 228 1207 quos
244 1164 318 1195 cum
334 1163 540 1201 Macedones,
559 1163 618 1205 qui
642 1163 720 1195 huic
736 1163 895 1195 seditioni
910 1165 1114 1194 occasionem
1130 1162 1310 1201 dedissent,
1325 1162 1429 1195 vincti
1447 1162 1491 1194 ad

143 1215 308 1259 supplicia
324 1216 549 1255 traherentur,
567 1226 674 1247 uuum
690 1226 732 1248 ex
747 1215 786 1247 iis
802 1215 1002 1248 auctoritate
1019 1218 1052 1248 et
1075 1218 1176 1247 aetate
1196 1226 1345 1258 gravem,
1363 1215 1407 1247 ad
1431 1216 1492 1248 Re-

144 1281 222 1313 gem
237 1271 284 1302 ita
294 1270 445 1302 locutum
461 1269 602 1314 ferunt]

224 1324 300 1364 IV.
335 1327 392 1363 11.
422 1327 444 1346 “
461 1323 859 1376 Quousque,”'inquit·,
881 1326 904 1345 “
920 1323 1047 1362 animo
1078 1327 1156 1372 tuo,
1176 1323 1294 1362 etiam
1321 1337 1389 1375 per
1408 1337 1491 1375 sup-

144 1387 270 1440 plicia,
303 1389 368 1426 ¹et
395 1387 549 1440 quidem
576 1387 727 1426 externi
757 1387 887 1436 moris,
921 1387 1174 1438 obsequeris?
1242 1387 1391 1426 Milites
1420 1389 1490 1436 tui,

144 1451 246 1489 cives
277 1451 348 1500 tui,
381 1450 574 1503 incognita¹
604 1453 731 1500 causa,
769 1450 930 1501 captivis
961 1450 1039 1489 suis
1072 1450 1310 1499 ducentibus,
1338 1450 1491 1489 trahun-

145 1519 209 1553 tur
228 1513 277 1551 ad
295 1527 454 1564 poenam.
527 1514 570 1553 Si
586 1519 748 1552 mortem
765 1513 948 1552 meruisse
962 1513 1124 1563 judicas,
1145 1513 1279 1552 saltem
1296 1513 1492 1552 ministros

146 1578 323 1629 supplicii
349 1577 492 1615 muta.”
546 1577 709 1616 'Amico
742 1577 880 1626 animo,
908 1577 942 1615 si
959 1577 1040 1629 veri
1072 1577 1220 1627 patiens
1250 1578 1399 1626 fuisset,
1428 1578 1491 1616 ad-

144 1641 379 1680 monebatur.
435 1639 513 1680 Sed
543 1639 585 1677 in
615 1639 762 1678 rabiem
793 1639 853 1678 ira
882 1644 1115 1690 pervenerat.
1184 1639 1324 1692 Itaque
1359 1654 1492 1680 rursus

146 1704 250 1754 (nam
267 1717 481 1755 parumper,
499 1703 638 1755 quibus
657 1703 882 1754 imperatum
901 1707 995 1751 crat,
1015 1702 1297 1755 dubitaverant)
1315 1704 1436 1756 mergi
1451 1704 1491 1742 in

144 1781 303 1816 amnem,
324 1767 423 1805 sicut
441 1765 559 1805 vincti
579 1770 699 1814 erant,
727 1766 856 1816 jussit.
912 1763 974 1803 Ne
992 1764 1064 1803 hoc
1082 1765 1237 1817 quidem
1264 1765 1492 1817 supplicium

145 1831 374 1870 seditionem
404 1829 571 1868 militum
601 1829 731 1868 movit.
802 1828 978 1880 Namque
1011 1829 1204 1879 copiarum
1236 1828 1350 1867 duces
1381 1834 1491 1881 atque

145 1895 285 1933 amicos
303 1895 385 1945 ejus
403 1892 588 1945 manipuli
606 1892 769 1942 adeunt;
799 1897 983 1944 petentes,
1003 1897 1047 1930 ut
1070 1893 1104 1931 si
1130 1905 1226 1944 quos
1248 1891 1370 1930 adhuc
1397 1892 1488 1944 pris·

144 1958 228 1996 tina
256 1960 358 1996 noxa
383 1956 574 2007 judiearet
592 1969 674 1994 esse
705 1945 909 2004 contactos,
934 1955 1088 2006 juberet
1114 1955 1287 1994 interfici.
1346 1955 1491 1996 Offerre

145 2033 186 2059 se
203 2033 360 2072 corpora
378 2021 458 2070 irae,
478 2020 490 2038 ³
503 2019 724 2058 trucidaret.

753 2081 921 2124 [Tandem
952 2081 1139 2113 constantia
1167 2083 1228 2113 sua
1257 2081 1414 2115 vicerunt
1443 2094 1489 2115 re·

146 2148 232 2182 gem,
259 2140 298 2168 ut
322 2136 365 2168 ad
389 2147 424 2169 se
449 2135 607 2179 prodiret,
635 2139 670 2168 et
694 2134 901 2167 reconciliati
925 2134 1030 2166 animi
1054 2139 1146 2169 certa
1168 2135 1264 2178 sigua
1287 2135 1488 2170 ostenderet.

146 2193 270 2224 Decem
285 2189 418 2221 circiter
428 2188 536 2221 millia
550 2192 798 2225 veteranorum,
815 2187 938 2231 quibus
954 2189 1113 2220 Craterus
1136 2189 1293 2232 praefecit,
1312 2190 1489 2233 stipendiis

146 2244 311 2287 donisque
327 2246 441 2275 auctos
456 2242 491 2274 in
507 2242 652 2285 patriam
665 2241 811 2280 dimisit3
835 2241 943 2274 literis
958 2241 1002 2274 ad
1017 2242 1237 2286 Antipatrum
1249 2243 1346 2282 datis,
1366 2244 1489 2287 quibus

145 2299 307 2331 honorem
329 2296 477 2329 emeritis
500 2296 623 2328 habere
641 2295 812 2338 praecepit,
831 2299 871 2328 ut
894 2295 930 2328 in
947 2296 1063 2339 primis
1090 2297 1266 2330 ordinibus
1290 2301 1325 2330 et
1339 2298 1488 2330 coronati

147 2353 244 2386 ludos
253 2356 454 2395 spectarent,
469 2354 503 2382 et
514 2349 610 2382 liberi
623 2349 874 2382 demortuorum
888 2349 924 2382 in
936 2351 1102 2394 stipendia
1114 2355 1252 2394 paterna
1261 2351 1487 2384 succederent.

145 2407 268 2440 lisdem
284 2405 389 2437 literis
404 2404 623 2447 Antipatrum
639 2414 715 2436 cum
731 2403 896 2436 tironibus
911 2404 954 2437 ad
969 2417 1004 2438 se
1020 2405 1162 2444 vocavit,
1182 2407 1318 2438 Cratero
1334 2405 1369 2436 in
1382 2405 1490 2436 locum

143 2461 216 2505 ejus
239 2461 388 2493 suffecta
437 2458 631 2491 Verebatur
657 2457 755 2497 euim,
779 2469 822 2491 ne
844 2458 1012 2491 discordia
1034 2459 1183 2503 praefeeti
1213 2462 1247 2492 et
1274 2458 1490 2502 Olympiadis

144 2514 336 2555 reipublicae
353 2513 514 2546 damnum
530 2511 689 2551 infcrret;
713 2511 840 2556 quippe
851 2514 972 2546 mutuo
981 2513 1024 2545 ad
1039 2524 1153 2555 regem
1170 2512 1338 2545 criminati
1349 2512 1489 2545 fueraut.
