1583 2680
447 165 610 190 nnn-:12
648 164 767 189 V111.
810 163 922 189 οΑΡ.
967 163 1022 189 11.
1334 152 1400 189 181

68 258 178 306 tium,
197 270 221 295 a
250 270 309 295 me
340 256 440 295 inter
470 256 598 307 epulas
630 256 777 295 occisus
808 260 876 295 est.
933 255 1017 301 Quo
1044 267 1143 292 nunc
1172 267 1211 293 se
1239 255 1407 293 conferet

67 320 236 359 misera?
290 321 313 338 ¹²
328 319 515 360 Omnibus
534 321 615 369 ejus
645 333 742 358 unus
770 332 979 370 supersum,
998 331 1110 370 quem
1141 317 1261 355 solum
1288 317 1407 368 aequis

5 400 15 409 ·
69 383 194 422 oculis
212 383 341 422 videre
360 396 435 421 non
462 383 614 433 poterit.
672 383 727 420 Et
756 395 835 434 ego,
856 387 1092 421 servatorum
1109 394 1278 419 meorum
1295 380 1406 428 lat-ro,

67 451 237 485 revertar
255 446 294 484 in
312 442 487 497 patriam,
504 450 549 483 ut
575 459 622 483 ne
651 445 822 483 dextram
840 445 990 496 quidem
1021 444 1175 493 nutrici,
1197 445 1219 462 ¹³
1235 444 1314 482 sine
1334 456 1408 481 me·

68 509 189 548 moria
208 509 436 547 calamitatis
455 510 549 559 ejus,
571 509 705 546 offerre
735 509 879 559 possim
895 507 904 546 l
918 509 939 528 ’²
995 508 1051 546 Et
1079 509 1168 545 crim
1186 507 1271 545 finis
1288 507 1407 557 lacry-

68 572 142 610 mis
159 572 398 624 querelisque
416 584 492 609 non
509 572 630 619 fieret,
646 573 757 621 jussu
775 571 978 609 amicorum
996 584 1133 621 corpus
1153 570 1321 609 ablatum
1341 575 1407 607 cst.

69 635 156 674 Rex
174 635 340 673 triduum
366 635 489 685 jacuit
520 634 700 672 inclusus.
757 633 877 680 Quem
895 639 940 672 ut
972 634 1152 685 armigeri
1170 633 1410 683 corporisque

70 698 243 736 custodes
262 698 311 736 ad
328 698 563 736 moriendum
581 697 813 736 obstinatum
841 710 921 736 esse
952 701 1219 749 cognoverunt,
1246 695 1410 734 universi

71 774 110 798 in
128 761 413 800 tabernaculum
442 761 668 811 irrumpunt,
688 761 826 812 diuque
854 761 1029 811 precibus
1057 760 1226 811 ipsorum
1252 759 1411 798 relucta-

72 830 153 861 tum
184 825 285 876 aegre
304 824 479 862 vicerunt
506 829 552 862 ut
582 823 707 862 eibum
735 829 895 874 caperet.
953 823 1110 875 Quoque
1140 824 1268 861 minus
1297 822 1412 860 caedis

71 886 242 937 puderet,
268 888 355 937 jure
372 886 616 924 interfectum
636 886 782 925 Clitum
814 886 1041 924 Macedones
1060 887 1274 934 decernunt,
1294 884 1413 935 sepul-

73 953 161 987 tura¹
179 962 325 1000 quoque
354 949 596 1000 prohibituri,
615 949 654 986 ni
685 949 773 987 Rex
791 949 940 987 humari
954 949 1141 999 jussisset.
1177 948 1324 999 -Igitur
1352 948 1414 985 de-

73 1024 153 1049 cem
184 1012 329 1060 diebus,
353 1012 377 1029 ¹⁴
391 1011 554 1049 maxime
585 1011 635 1049 ad
663 1012 955 1050 confirmandum
987 1013 1179 1062 pudorem,
1201 1011 1301 1062 apud
1333 1010 1415 1048 Ma-

72 1073 236 1112 racanda
286 1074 529 1124 consumptis,
575 1087 660 1112 cum
705 1079 814 1124 parte
860 1075 1053 1112 exercitiis
1099 1074 1415 1125 Hephaestionem

73 1137 114 1174 in
141 1136 332 1188 regionem
361 1136 608 1174 Bactrianam
638 1136 757 1185 misit,
776 1142 1007 1175 commeatus
1041 1137 1081 1174 in
1111 1137 1283 1187 hyemem
1309 1150 1414 1187 para-

74 1205 212 1238 turum.
271 1199 393 1246 Quam
413 1199 516 1239 Clito
534 1204 662 1238 autem
691 1199 945 1239 destinaverat
972 1200 1217 1251 provinciam,
1236 1200 1417 1250 Amyntae

77 1262 195 1301 dedit.

153 1329 189 1365 9.
218 1325 310 1377 Ipse
342 1325 522 1377 Xenippa.
553 1326 737 1377 pervenit.
813 1325 981 1376 Scythiae
1018 1326 1170 1364 confinis
1206 1330 1265 1364 est
1300 1326 1417 1377 regio,

76 1388 347 1441 habitaturque
379 1389 553 1440 pluribus
595 1401 639 1426 ac
680 1389 940 1440 frequentibus
975 1389 1093 1439 vieis3
1140 1389 1231 1440 quia
1264 1389 1418 1428 ubertas

76 1457 189 1491 terrae
219 1465 296 1491 non
326 1452 525 1504 indigenas
554 1451 665 1490 modo
685 1452 841 1500 detinet,
860 1452 926 1490 sed
954 1452 1070 1490 etiam
1088 1452 1250 1491 advenas
1270 1452 1416 1491 invitat.

78 1514 370 1553 Bactrianorum
401 1515 566 1563 exulum,
597 1515 663 1565 qui
694 1515 742 1553 ab
772 1515 995 1553 Alexandro
1032 1515 1258 1564 defecerant,
1294 1528 1419 1565 recep-

80 1577 247 1616 taculum
282 1578 417 1616 fuerat.
491 1577 568 1616 Sed
602 1579 803 1627 postquam
834 1578 981 1628 Regem
1019 1578 1225 1616 adventare
1254 1591 1419 1628 comper·

82 1646 162 1678 tum
181 1645 252 1689 est,
271 1639 373 1690 pulsi
405 1639 453 1678 ab
483 1639 618 1677 incolis
637 1639 712 1678 duo
730 1639 852 1677 millia
879 1640 958 1677 fere
987 1644 1026 1677 et
1054 1640 1208 1678 ducenti
1236 1641 1420 1692 ¹⁵'congrc-

80 1708 228 1755 gantur.
313 1702 455 1742 Omnes
500 1702 645 1754 equites
685 1707 802 1751 erant,
842 1703 960 1740 etiam
998 1703 1038 1740 in
1078 1716 1169 1753 pace
1210 1703 1420 1742 latrociniis

82 1765 233 1805 assueti.
291 1765 391 1803 Tum
422 1765 562 1803 ferocia
589 1765 743 1817 ingenia
771 1778 846 1803 non
878 1765 1020 1803 bellum
1051 1765 1174 1814 modo,
1204 1766 1271 1804 sed
1307 1767 1422 1805 ctiam

82 1829 203 1869 veniae
240 1828 454 1879 desperatio
490 1828 718 1867 efferaverat.
793 1828 927 1880 Itaque
971 1842 1019 1867 ex
1055 1829 1259 1879 improviso
1296 1829 1422 1868 adorti

84 1893 292 1944 Amyntam
310 1892 523 1931 Praetorem
541 1891 767 1941 Alexandri,
788 1892 853 1930 dia
885 1905 1021 1942 anceps
1050 1892 1222 1943 praelium
1241 1893 1420 1933 fecerant„

84 1956 150 1994 Ad
178 1955 355 1994 ultimum
384 1955 632 2006 septingentis
662 1968 817 1993 suorum
846 1955 1007 2004 amissis,
1026 1969 1184 2007 quorum
1213 1969 1283 1994 ccc
1301 1956 1424 1995 hostis

82 2019 193 2069 cepit,
213 2018 351 2057 dedere
379 2023 488 2070 terga
505 2018 714 2058 victoribus
742 2019 845 2057 haud
864 2021 953 2057 sane
982 2019 1121 2059 inulti:
1148 2020 1286 2071 quippe
1318 2033 1423 2059 Lxxx

86 2081 338 2120 Macedonum
366 2081 651 2131 interfecerunt,
670 2088 886 2134 praeterque
917 2095 980 2121 eos
1010 2082 1168 2122 trecenti
1188 2089 1227 2122 et
1244 2084 1423 2136 quinqua-

83 2144 191 2197 ginta
223 2144 343 2182 saucii
372 2145 466 2189 faeti
495 2150 607 2184 sunt:
637 2146 783 2185 veniam
814 2151 939 2184 tamen
972 2146 1089 2184 etiam
1116 2151 1205 2197 post
1234 2147 1425 2185 ¹⁶a1teram

84 2207 330 2246 defectionem
342 2207 650 2258 impetraverunt.
693 2209 770 2246 His
788 2209 829 2246 in
846 2209 957 2247 fidem
973 2209 1148 2260 acceptis,
1164 2210 1205 2248 in
1222 2210 1423 2261 regionem,

83 2283 195 2322 quam
226 2271 417 2308 Nautaca
447 2271 650 2320 appellant,
681 2271 768 2310 Rex
787 2284 871 2310 cum
902 2277 983 2310 toto
1003 2272 1171 2310 exercitu
1188 2272 1302 2311 venit.
1360 2273 1424 2310 Sa-

85 2339 212 2383 trapes
245 2338 327 2370 erat
359 2332 617 2383 Sysimithres‚
637 2334 781 2374 duobus
814 2348 861 2373 ex
892 2339 961 2373 sua
991 2340 1113 2374 matre
1143 2336 1233 2373 filiis
1262 2335 1422 2386 genitis:

84 2397 222 2448 quippe
254 2395 354 2446 apud
385 2408 449 2433 eos
478 2396 701 2446 parentibus
730 2403 864 2449 stupro
883 2398 983 2436 coire
1012 2411 1097 2437 cum
1126 2398 1258 2437 liberis
1276 2398 1334 2434 fas
1353 2401 1422 2435 est.

87 2459 110 2479 ‘³
124 2459 179 2508 Is,
197 2459 351 2498 armatis
369 2458 626 2510 popularibus,
645 2460 774 2499 fauces
803 2462 978 2513 regionis,
998 2463 1075 2512 qual.
1103 2461 1143 2499 in
1173 2459 1421 2500 arctissimum
