1583 2680
198 157 271 193 116
643 165 837 196 QUINTI
884 164 1078 189 CURTII

189 273 274 298 rum
293 258 442 309 accepit
469 258 698 309 imperium:
728 257 795 295 sed
823 257 863 294 in
891 256 1021 294 sedem
1055 255 1148 306 Cyri
1177 255 1362 295 beneficio
1393 257 1539 308 Bagoae

189 323 346 360 castrati
371 322 536 360 hominis
567 312 779 359 admissus:
820 321 890 357 ‘’ne
923 332 991 357 vos
1023 332 1162 370 magno
1200 319 1330 357 labore
1369 319 1538 357 credatis

189 385 354 424 Bessum
372 398 534 424 vacuum
553 398 714 435 regnum
734 387 1020 433 occupaturum.

268 451 289 470 “
307 449 391 487 Nos
409 450 498 487 vero
518 448 771 499 peccavimus,
791 447 948 494 milites,
970 446 1002 483 si
1023 445 1184 483 Darium
1205 445 1253 483 ob
1273 445 1343 482 hoc
1362 445 1538 494 vicimus,

187 516 232 549 ut
269 524 377 549 servo
415 513 498 562 ejus
543 511 784 548 traderemus
822 509 1035 559 imperium,
1074 508 1140 559 qui
1174 509 1197 526 ¹⁰
1211 507 1392 545 ultimum
1422 503 1537 544 ausus

187 575 322 624 scelus,
342 575 491 626 Regem
511 587 634 622 suum,
656 574 773 612 etiam
793 573 816 590 ¹²
832 577 1002 610 externae
1022 572 1105 622 opis
1133 576 1322 622 egentem,
1351 570 1454 608 certe
1475 570 1537 607 eui

186 651 256 675 nos
275 638 439 676 victores
459 638 772 688 pepercissemus,
793 636 903 687 quasi
923 635 1117 686 captivum
1136 635 1175 672 in
1195 634 1358 672 vinculis
1376 633 1533 682 habuit3

186 700 234 736 ad
254 700 445 748 ultimum,
465 714 512 738 ne
533 713 554 737 a
573 700 684 738 nobis
704 699 920 737 conservari
947 703 1088 748 posset,
1109 697 1259 736 oceidit.
1331 697 1448 734 Hunc
1467 709 1536 734 vos

185 776 343 813 regnare
374 763 602 813 patiemini?
631 775 744 813 quern
777 762 954 812 equidem
988 761 1093 798 cruci
1125 761 1280 798 affixum
1307 760 1437 797 videre
1465 760 1534 797 fes-

185 826 277 873 tino,
299 826 474 864 omnibus
494 825 670 876 Regibus
689 825 942 875 gentibusque
974 824 1075 874 fidei,
1103 837 1218 874 quam
1236 822 1406 871 violavit,
1425 823 1534 860 meri-

185 894 243 925 tas
262 901 392 938 poenas
414 888 638 926 solventem.
696 888 754 925 At
770 887 939 935 hercule,
954 887 987 925 si
1006 899 1097 925 mox
1116 886 1291 924 eumdem
1312 885 1535 925 Graeeorum

183 952 310 999 urbes,
331 956 399 988 aut
431 951 731 1002 Hellespontum
763 955 915 989 vastare
948 950 1172 988 nunciatum
1203 950 1279 988 erit
1310 949 1431 998 vobis,
1460 962 1534 1001 quo

184 1014 314 1052 dolore
335 1015 562 1062 afficiemini,
584 1015 749 1052 Bessum
767 1014 926 1065 praemia
945 1019 1087 1052 vestrae
1107 1015 1314 1064 occupasse
1332 1013 1534 1052 victoriae‘?

184 1077 292 1114 Tune
329 1078 379 1115 ad
414 1077 644 1127 repetendas
683 1090 748 1115 res
784 1077 1043 1115 festinabitis:
1091 1081 1184 1114 tunc
1221 1089 1325 1113 arma
1362 1075 1531 1126 capietis.

184 1138 338 1184 Quanto
370 1145 498 1177 autem
530 1144 732 1189 praestaret
761 1139 942 1177 territum
972 1139 1096 1177 adhuc
1126 1143 1166 1176 et
1194 1138 1260 1177 vix
1287 1139 1426 1176 mentis
1454 1151 1534 1177 suae

188 1207 413 1252 compotem,
446 1202 694 1252 opprimere?
761 1201 968 1247 Quatridui
997 1202 1108 1240 nobis
1140 1202 1214 1239 iter
1252 1206 1437 1252 superest,
1466 1201 1533 1253 qui

183 1269 242 1302 tot
259 1265 566 1315 proculcavimus
585 1265 704 1314 nives,
725 1270 786 1303 tot
816 1278 946 1303 amnes
972 1265 1245 1315 superavimus,
1267 1269 1326 1302 tot
1344 1264 1533 1302 montium

192 1329 287 1379 juga
316 1328 623 1366 transcurrimus.
683 1327 773 1366 Non
805 1341 909 1366 mare
943 1328 1051 1378 illud,
1075 1328 1177 1379 quod
1205 1332 1423 1365 exaestuans
1456 1327 1532 1366 iter

182 1391 364 1430 fluctibus
399 1396 568 1441 occupat,
600 1396 733 1429 euntes
765 1404 835 1429 nos
867 1396 1062 1429 moratur:
1101 1403 1176 1428 non
1212 1390 1361 1429 Cilieiae
1388 1391 1530 1439 fauces,

183 1460 222 1492 et
242 1455 429 1506 angustiae
448 1455 660 1492 includunt.
719 1454 844 1492 Plana
863 1455 990 1492 omnia
1018 1458 1056 1492 et
1082 1467 1202 1505 prona
1221 1458 1319 1491 sunt.
1377 1453 1427 1491 In
1448 1454 1531 1504 ipso

181 1519 312 1556 limine
349 1518 522 1556 victoriae
560 1524 716 1556 stamus.
792 1518 914 1555 Pauci
950 1518 1061 1556 nobis
1097 1517 1267 1569 fugitivi,
1306 1521 1346 1554 et.
1384 1517 1530 1554 domini

182 1582 242 1619 sui
261 1582 530 1619 interfectores
565 1586 783 1631 supersunt.
842 1582 865 1599 ¹²
881 1581 1090 1632 Egregium
1119 1580 1334 1619 mehercule
1363 1593 1470 1631 opus,
1491 1585 1532 1618 et

181 1645 280 1683 inter
313 1644 438 1695 prima
457 1644 592 1695 gloriae
611 1649 751 1683 vestrae
784 1644 1073 1693 numerandum,
1094 1644 1317 1695 posteritati
1343 1644 1530 1695 famaeque

181 1707 365 1757 tradetis3
398 1707 509 1745 Darii
538 1721 688 1758 quoque
721 1708 855 1756 hostis,
885 1708 992 1747 finito
1020 1713 1108 1759 post
1136 1712 1299 1746 mortem
1327 1709 1410 1756 ejus
1430 1707 1529 1755 odio,

180 1771 392 1822 parricidas
423 1784 506 1809 esse
525 1784 594 1810 vos
622 1771 748 1820 ultos3
779 1771 969 1809 neminem
1001 1771 1161 1821 impium
1190 1770 1367 1821 effugisse
1394 1783 1530 1808 manus

180 1839 338 1872 vestras.
379 1833 467 1871 Hoc
485 1838 718 1883 perpetrato,
735 1835 876 1884 quanto
893 1833 1050 1871 creditis
1064 1834 1203 1871 Persas
1217 1833 1529 1884 obsequentiores

181 1897 272 1946 sore,
294 1899 378 1935 cum
397 1896 672 1944 intellexerint,
688 1909 756 1935 vos
776 1897 838 1946 pia
853 1896 954 1934 bella
970 1897 1174 1946 suscipere,
1192 1901 1230 1934 et
1247 1896 1359 1934 Bessi
1380 1896 1527 1945 sceleri,

181 1973 256 1998 non
276 1960 419 1998 nomini
439 1972 508 1997 suo
529 1959 677 1997 irasci.”

263 2023 338 2061 IV.
371 2026 403 2061 7.
436 2023 595 2062 Summa
614 2022 781 2060 militum
810 2021 1019 2068 alacritate,
1048 2022 1266 2072 jubentium
1287 2024 1526 2075 quecumque

183 2085 300 2123 vellet
334 2086 504 2134 duceret,
525 2087 646 2124 oratio
667 2090 825 2135 excepta
845 2090 913 2122 est.
973 2086 1056 2123 Nec
1091 2086 1178 2124 Rex
1208 2093 1380 2124 moratus
1413 2087 1527 2137 impe-

185 2154 285 2197 tum3
318 2149 508 2200 tertioque
541 2163 609 2200 per
643 2149 878 2187 Parthienen
899 2149 960 2187 die
995 2149 1043 2186 ad
1077 2150 1170 2187 fines
1193 2150 1402 2200 Hyrcania}
1421 2164 1526 2200 pene-

185 2217 285 2259 trat3
330 2211 489 2250 Cratero
523 2213 659 2250 relicto
687 2226 772 2250 cuni
802 2213 848 2249 iis
878 2213 1007 2262 copiiS,
1028 2213 1167 2264 quibus
1199 2218 1375 2264 praeerat,
1415 2218 1454 2250 et
1482 2215 1527 2250 ea

183 2288 309 2322 manu,
338 2289 454 2325 quain
488 2276 681 2325 Amyntas
716 2276 891 2321 ducebat,
926 2276 1069 2314 additis
1104 2277 1294 2314 sexcentis
1323 2276 1527 2327 equitibuS,

184 2344 223 2376 et
257 2339 419 2376 totidem
457 2339 679 2389 sagittariis,
719 2345 762 2376 ut
797 2339 843 2376 ab
883 2340 1098 2378 incursione
1138 2340 1399 2378 Barbarorum
1438 2339 1525 2377 Par-

185 2402 339 2440 thienen
373 2406 556 2439 tueretur.
619 2402 821 2452 Erigyium
856 2403 1139 2453 impedimenta,
1168 2403 1316 2441 modico
1347 2403 1525 2453 praesidio

184 2465 285 2512 dato,
306 2465 507 2515 campestri
541 2466 674 2503 itinere
707 2466 844 2502 ‹lum-0
872 2467 991 2515 jubet.
1053 2467 1141 2517 Ipse
1170 2480 1253 2504 eum
1282 2465 1469 2517 phalange
1488 2471 1524 2503 ct
