1583 2680
181 117 253 153 114
641 131 823 162 QUINTI
861 130 1045 156 CURTII

173 220 326 258 condita
364 234 386 258 a
424 220 580 260 Graecis.
654 222 718 261 Ibi
750 222 892 260 stativa
925 222 1014 260 Rex
1051 221 1196 270 habuit,
1235 223 1510 261 commeatibus

171 284 340 334 undique
375 284 556 323 advectis.
616 285 752 337 Itaque
781 299 922 333 rumor,
954 285 1069 323 otiosi
1097 285 1235 322 militis
1254 285 1406 334 vitium,
1429 286 1511 323 sine

171 351 324 384 auctore
354 348 582 397 percrebuit,
609 348 757 398 Regem
787 353 1006 386 contentum
1036 348 1152 387 rebus
1193 362 1288 399 quas
1317 349 1512 400 gessisset,

171 409 209 446 in
245 409 510 448 Macedoniam
540 412 714 462 protinus
745 412 871 450 redire
905 412 1097 450 statuisse.
1156 411 1388 449 Discurrunt
1421 412 1513 462 lym-

168 472 295 521 phatis
316 473 462 511 similes
482 474 522 511 in
551 474 808 523 tabernacula,
830 479 869 512 et
896 474 1028 512 itineri
1054 474 1221 512 sarcinas
1251 478 1409 524 aptant:
1441 475 1513 524 sig-

168 547 258 572 num
279 536 410 573 datum
430 537 617 587 crederes,
637 542 681 574 ut
699 551 791 576 vasa
811 538 1045 589 colligerent.
1096 537 1208 575 Totis
1226 537 1362 575 castris
1375 537 1513 574 tumul-

168 602 242 646 tus,
263 598 351 636 hinc
384 600 677 638 contubernales
708 613 797 639 suos
827 601 1120 652 requirentium,
1151 600 1240 638 hinc
1271 601 1511 638 onerantium

166 661 349 710 plaustra,
370 663 566 712 perfertur
582 663 630 700 ad
650 663 808 714 Regem.
868 664 1055 701 Fecerant
1073 663 1189 700 fidem
1203 663 1347 701 rumori
1367 664 1510 700 temere

165 724 321 773 vulgato
343 724 469 762 Graeci
487 725 644 773 milites,
665 726 791 763 redire
807 727 909 775 jussi
931 726 1064 763 domos
1082 739 1090 774 ;
1121 739 1286 776 quorum
1316 726 1511 777 equitibus

165 787 325 836 singulis
347 787 589 825 denariorum
609 801 700 825 sena
718 789 843 825 millia
863 789 962 826 dono
985 788 1157 826 dederat.
1233 788 1337 838 Ipsis
1357 802 1511 840 quoque

164 850 276 886 finem
308 850 458 887 militiae
479 851 613 888 adesse
633 851 849 889 credebant.
934 851 1055 888 Haud
1077 854 1184 889 secus
1204 853 1321 903 quam
1340 865 1409 902 par
1429 857 1512 890 erat

164 913 323 949 territus
344 913 579 963 Alexander,
600 915 666 966 qui
686 914 806 953 Indos
823 919 937 966 atque
955 916 967 932 ⁰
980 915 1121 953 ultima
1137 914 1312 954 Orientis
1328 928 1510 966 peragere

161 976 372 1025 statuisset,
395 976 608 1015 Praefectos
629 978 823 1028 copiarum
851 978 891 1015 in
919 978 1152 1016 Praetorium
1180 978 1382 1027 contrahit,
1404 979 1511 1016 obor-

162 1039 288 1090 tisque
334 1040 528 1091 lacrymis,
560 1054 608 1078 ex
640 1041 766 1079 medio
799 1041 935 1092 gloriae
967 1041 1090 1091 spatio
1120 1042 1294 1079 revocari
1335 1054 1387 1090 sc,
1416 1041 1510 1079 victi

162 1103 284 1154 magis
303 1104 419 1154 quam
438 1104 595 1142 victoris
615 1104 809 1141 fortunam
836 1104 876 1141 in
900 1104 1067 1154 patriam
1086 1104 1309 1152 relaturum,
1331 1118 1508 1155 conques—

164 1171 226 1204 tus
243 1171 320 1204 est:
350 1180 419 1204 nec
451 1167 524 1205 sibi
550 1167 743 1217 ignaviam
772 1167 941 1205 militum
960 1167 1112 1205 obstare
1131 1167 1199 1205 sed
1228 1167 1397 1205 Deorum
1416 1168 1508 1205 invi-

161 1230 274 1278 diam,
294 1230 360 1281 qui
381 1230 604 1268 fortissimis
623 1230 717 1268 viris
737 1231 908 1269 subitum
924 1230 1059 1281 patriae
1075 1230 1307 1268 desiderium
1324 1231 1508 1269 admovis-

161 1297 256 1341 sent,
276 1293 392 1343 paulo
422 1297 510 1343 post
539 1293 579 1330 in
610 1293 782 1331 eamdem
812 1306 898 1330 cum
928 1294 1071 1343 majore
1101 1293 1214 1331 laude
1244 1293 1422 1345 famaque
1451 1307 1508 1331 re-

161 1356 309 1393 dituris.
396 1356 493 1393 Tum
523 1357 613 1394 vero
642 1369 711 1406 pro
732 1369 772 1393 se
809 1356 971 1408 quisque
1009 1369 1161 1406 operam
1183 1368 1290 1394 suam
1312 1356 1504 1404 ¹⁰offerre,

160 1420 382 1458 difficillima
412 1433 571 1472 qumque
604 1433 773 1470 poscere,
807 1420 980 1470 polliceri
1007 1419 1175 1457 militum
1212 1432 1362 1470 quoquc
1401 1419 1505 1457 obse·

159 1484 302 1534 quium,
341 1484 374 1521 si
411 1483 556 1521 animos
586 1496 717 1521 eorum
744 1483 823 1520 leni
861 1488 900 1520 ct
937 1485 1028 1533 apta
1067 1482 1238 1520 oratione
1266 1483 1506 1534 permulcere

160 1548 184 1563 ¹¹
201 1547 395 1584 voluisset.
481 1546 691 1598 Nunquam
719 1546 903 1584 infractos
924 1551 964 1583 et
992 1546 1161 1596 abjectos
1181 1546 1398 1594 recessisse,
1418 1559 1504 1597 quo-

158 1610 230 1647 ties
251 1610 371 1661 ipsius
391 1610 630 1648 alacritatem
650 1615 689 1648 et
709 1610 808 1648 tanti
829 1610 947 1647 animi
963 1610 1121 1660 spiritus
1143 1609 1169 1627 ¹²
1189 1609 1344 1647 haurire
1363 1609 1505 1659 potuis-

157 1678 252 1711 sent.
312 1673 377 1711 Ita
397 1686 436 1711 sc
456 1674 648 1711 facturum
669 1686 751 1712 esse
783 1673 1005 1724 respondit3
1036 1673 1095 1710 illi
1128 1672 1240 1710 modo
1260 1671 1364 1723 vulgi
1393 1685 1505 1710 aures

155 1742 416 1787 przepararent
435 1737 519 1775 sibi.
569 1737 748 1788 Satisque
773 1737 960 1786 omnibus,
981 1750 1068 1787 quae
1089 1736 1164 1773 ²⁰in
1178 1749 1258 1773 rem
1272 1735 1505 1773 videbantur

157 1814 250 1849 esse,
271 1801 503 1851 compositis,
524 1801 653 1839 vocari
683 1801 733 1837 ad
760 1800 976 1837 concionem
1003 1800 1215 1837 exereitum
1242 1798 1371 1848 jussit,
1402 1799 1503 1850 apud

156 1879 269 1916 quem
289 1865 406 1902 talem
428 1864 636 1902 orationem
655 1863 799 1901 habuit.

238 1928 322 1966 III.
353 1931 387 1966 (3.
427 1927 775 1979 “Magnitudinem
812 1939 939 1964 rerum
978 1939 1072 1976 quas
1110 1925 1308 1975 gessimus,
1347 1925 1501 1973 milites,

158 1991 397 2030 intuentibus
417 1991 537 2038 vobiS,
566 1990 723 2028 minime
756 1990 895 2026 mirum
924 1994 994 2036 est,
1017 1994 1054 2026 et
1088 1988 1320 2026 desiderium
1348 1988 1501 2039 quietis,

158 2059 196 2092 et
216 2056 435 2093 satietatem
465 2054 598 2106 gloriae
617 2066 824 2091 occurrere.
882 2053 939 2091 Ut
959 2053 1134 2090 omittam
1165 2051 1334 2102 Illyrios,
1356 2051 1502 2089 Tribal-

158 2118 227 2167 los,
257 2118 460 2165 Boeotiam,
497 2117 712 2167 Thraciam,
744 2117 934 2167 Spartam,
967 2116 1146 2165 Achmos,
1178 2115 1501 2166 Peloponnesum,

157 2195 316 2233 quorum
333 2181 409 2218 alia
430 2181 572 2218 ¹ductu
592 2193 688 2227 meo,
711 2179 786 2216 alia
816 2179 975 2229 imperio
1005 2178 1250 2229 auspicioque
1280 2177 1499 2229 pcrdomui3

159 2258 242 2282 ecee
263 2244 335 2282 orsi
358 2243 501 2284 bellum
529 2243 576 2280 ad
610 2242 920 2292 Hellespontum,
944 2243 1070 2290 Ionas,
1101 2241 1310 2289 xEolidem,
1342 2240 1500 2279 servitio

160 2308 358 2346 Barbarixe
392 2307 614 2357 impotentis
649 2306 868 2343 exemimus.
947 2305 1110 2352 Cariam,
1147 2304 1322 2354 Lydiam,
1358 2302 1499 2353 Cappa-

160 2372 318 2418 dociam,
337 2371 558 2421 Phrygiam,
575 2369 888 2419 Paphlagoniam,
921 2367 1202 2418 Pamphyliam,
1226 2367 1390 2414 Pisidas,
1414 2365 1489 2404 Cili

162 2436 270 2482 ciam,
300 2434 461 2485 Syriam,
485 2433 703 2481 I‘hoeuieen,
728 2432 961 2478 Ατιιιριιίιηιι,
998 2431 1208 2479 Persidem,
1244 2429 1391 2477 Medos,
1415 2428 1491 2466 Par
