1583 2680
152 168 227 204 214
614 177 797 210 QUINTI
835 175 1021 202 cunTn

230 272 290 309 50.
322 270 412 309 Rex
443 269 600 321 spoliari
620 281 757 320 corpus
793 269 898 317 Pori,
919 268 1192 319 interemptum
1213 279 1294 305 esse
1323 266 1494 312 credens,

161 334 304 384 jussit:
346 338 385 371 et
417 334 484 384 qui
518 333 763 371 detraherent
800 332 959 370 loricam
988 336 1219 382 vestemque,
1250 343 1494 379 concurrere,

153 399 241 434 cum
260 397 389 435 bellua
408 396 604 434 dominum
623 396 737 444 tueri,
759 399 798 433 et
824 395 1032 445 spoliantes
1052 394 1168 444 coepit
1187 399 1376 444 appetere,
1395 393 1496 431 leva-

153 465 310 511 tumque
330 472 466 509 corpus
497 461 579 509 ejus
607 471 741 496 rursus
773 458 886 496 dorso
918 470 987 496 suo
1007 457 1212 507 imponere.
1272 456 1377 507 Ergo
1409 455 1498 493 telis

153 523 323 574 undique
353 523 539 571 obruitur,
561 522 810 573 confossoque
841 535 896 570 eo,
917 521 957 559 in
976 521 1194 559 vehiculum
1229 520 1354 558 Porus
1384 519 1500 568 impo-

153 586 268 623 nitur.
328 585 452 631 Quem
472 585 560 623 Rex
589 590 635 622 ut
653 585 752 623 vidit
785 585 1016 622 allevantem
1044 584 1186 632 oculos,
1206 596 1282 621 non
1311 582 1410 629 odio,
1431 579 1499 618 sed

154 648 395 686 miseratione
424 652 646 697 commotus,
676 651 697 669 “
716 647 823 696 Quae,
845 647 1089 685 ²⁰malum!”
1118 646 1255 698 inquit,
1295 648 1317 666 “
1334 645 1500 683 amentia

156 716 193 749 te
222 712 358 762 coegit,
378 724 507 749 rerum
536 724 706 749 mearum
741 711 896 761 cognita
916 711 1030 758 fama,
1051 709 1146 747 belli
1165 710 1359 746 fortunam
1389 721 1500 758 expc-

155 775 236 818 riri,
258 776 346 812 cum
368 774 523 810 Taxiles
544 778 646 810 esset
665 773 704 810 in
724 773 875 810 deditos
905 772 1119 810 clementiae
1138 785 1234 810 meae
1253 777 1332 809 tam
1350 771 1500 821 propin-

155 851 274 887 quum
305 837 378 875 tibi
411 836 660 886 exemplum?
678 836 697 857 ’'
754 836 812 874 At
843 836 921 886 ille,
942 838 963 856 “
980 835 1204 884 Quoniam,”
1224 835 1360 886 inquit,
1383 837 1404 855 “
1420 847 1502 884 per-

155 898 329 946 contaris,
346 898 584 948 respondebo
605 899 650 936 ea
670 899 696 916 ²¹
711 898 904 946 libertate,
925 911 1039 949 quam
1066 897 1340 948 interrogando
1359 896 1498 934 fecisti.

157 962 359 999 Neminem
388 975 448 999 me
486 962 513 979 ²²
530 962 731 1000 fortiorem
770 975 852 1000 esse
884 961 1094 1000 censebam.
1161 961 1270 999 Meas
1308 961 1408 999 enim
1437 974 1502 1000 no-

155 1038 288 1063 veram
318 1024 433 1073 vires,
454 1025 623 1062 nondum
657 1030 838 1076 expertus
869 1029 981 1062 tuas:
1011 1024 1208 1062 fortiorem
1227 1037 1308 1063 esse
1340 1030 1378 1062 te
1408 1025 1501 1064 belli

156 1088 287 1126 docuit
307 1092 479 1126 eventus.
536 1088 562 1105 ²³
578 1088 655 1127 Sed
687 1101 734 1126 ne
769 1089 823 1127 sic
857 1088 1012 1140 quidem
1042 1101 1178 1138 parum
1206 1088 1301 1126 felix
1331 1101 1426 1137 sum,
1447 1102 1499 1127 se-

155 1151 302 1188 cundus
331 1151 440 1190 tibi.”
497 1151 650 1189 Rursus
684 1152 955 1202 interrogatus,
976 1151 1070 1203 quid
1103 1151 1185 1201 ipse
1214 1151 1398 1189 victorem
1428 1158 1500 1190 sta-

156 1219 262 1252 tuere
284 1214 421 1252 debere
441 1221 615 1253 censeret
632 1228 640 1253 :
670 1217 692 1236 “
711 1214 824 1261 Quod
843 1215 940 1263 hic‚”
960 1214 1096 1266 inquit,
1119 1217 1141 1235 “
1159 1214 1240 1252 dies
1259 1215 1332 1253 tibi
1352 1216 1500 1265 suadet,

155 1290 230 1328 quo
253 1282 433 1328 expertus
454 1291 506 1326 es,
526 1279 643 1329 quam
663 1279 805 1316 caduca
823 1278 988 1316 felicitas
1008 1279 1147 1315 esset.”
1196 1278 1292 1316 Plus
1312 1279 1500 1317 monendo

154 1340 328 1390 profecit,
366 1341 483 1392 quam
521 1341 554 1378 si
590 1347 769 1391 precatus
807 1346 918 1379 esset.
975 1341 1000 1358 ²⁴
1017 1340 1167 1391 Quippe
1195 1342 1500 1392 magnitudinem

155 1403 272 1440 animi
306 1405 389 1453 ejus
422 1404 638 1442 interritam
669 1418 712 1442 ac
731 1418 778 1442 ne
806 1405 963 1443 fortuna
994 1404 1149 1455 quidem
1182 1405 1396 1453 infractam,
1425 1419 1500 1444 nou

157 1466 421 1504 misericordia
450 1467 578 1515 modo,
600 1467 669 1505 sed.
688 1467 805 1505 etiam
836 1467 980 1505 honore
1011 1467 1187 1517 excipere
1215 1467 1394 1519 dignatus
1429 1475 1496 1507 est.

157 1529 322 1581 AEgrum
359 1531 506 1568 curavit
541 1530 645 1568 haud
682 1531 794 1568 seclis
831 1531 948 1582 quam
985 1530 1019 1568 si
1055 1544 1124 1581 pro
1158 1531 1240 1581 ipso
1274 1535 1498 1582 pugnasset.

154 1593 178 1609 ²³
193 1593 476 1642 confirmatum,
498 1598 632 1632 contra
660 1607 767 1645 spem
787 1594 969 1642 omnium,
990 1593 1030 1631 in
1063 1594 1270 1632 amicorum
1300 1609 1501 1634 numerum

154 1657 305 1706 recepit.
365 1647 461 1695 Mox
493 1658 652 1696 donavit
684 1657 867 1708 ampliore
897 1670 1027 1709 regno,
1061 1659 1179 1709 quam
1209 1659 1346 1697 tenuit.
1419 1659 1502 1698 Nec

155 1721 244 1756 sane
265 1720 474 1771 quidquam
493 1721 687 1771 ingenium
707 1723 790 1771 ejus
817 1721 978 1759 solidius
998 1725 1066 1759 aut
1094 1722 1335 1760 constantius
1355 1723 1502 1771 habuit,

155 1784 269 1833 quam
307 1784 599 1833 admirationem
636 1798 738 1824 vcrae
773 1784 900 1822 laudis
938 1789 977 1822 et
1013 1784 1158 1835 gloriae.
1233 1785 1258 1802 ²⁸
1275 1785 1498 1835 Simplicius

156 1851 282 1883 tamen
313 1847 452 1884 famam
485 1848 704 1886 {estimabat
733 1848 773 1885 in
803 1847 925 1895 hoste,
946 1848 1063 1898 quam
1094 1847 1133 1884 in
1167 1847 1276 1885 cive:
1307 1849 1448 1899 quippe
1481 1863 1502 1887 a

155 1910 234 1945 suis
270 1910 452 1949 credebat
482 1911 785 1961 magnitudinem
827 1923 934 1948 suam
969 1910 1117 1947 destrui
1152 1923 1285 1960 posse:
1328 1912 1499 1951 eamdem

155 1971 354 2011 clariorem
374 1973 468 2021 foro,
489 1975 562 2025 quo
583 1975 744 2025 majores
764 1973 939 2021 fuissent,
960 1986 1056 2025 quos
1077 1973 1156 2023 ipsc
1177 1973 1342 2012 vicisset.
