1583 2680
125 131 172 168 78
571 141 765 171 QUINTI
812 141 1003 166 CURTII

122 235 186 283 tis,
207 235 315 272 novis
334 233 552 272 vulneribus
585 233 860 272 excitabantur.
919 232 1095 281 Quidam,
1116 233 1308 283 occupatis
1339 232 1462 284 proxi·

121 297 194 335 mis
229 297 337 346 rivis,
358 297 591 335 diverterant
625 297 792 348 longius,
820 301 875 344 ut,
902 296 1086 347 quidquid
1121 296 1258 334 occulti
1292 297 1464 335 humoris

120 362 280 411 usquam
315 365 498 409 manaret,
535 360 761 410 exciperent.
819 359 901 397 Nec
936 359 1015 397 ulla
1050 359 1143 397 adeo
1179 360 1265 398 avia
1294 364 1333 397 et
1365 360 1465 398 sicca

121 424 255 462 lacuna
291 429 386 472 erat,
419 437 504 475 quae
534 423 805 474 vestigantium
838 423 942 460 sitim
977 422 1140 461 falleret.
1210 422 1246 460 E
1281 423 1465 473 proximis

120 488 210 525 vero
229 487 360 524 itineri
379 487 487 536 vicis,
517 499 648 524 senum
676 485 846 523 ululatus
874 485 1187 537 foeminarumque
1216 485 1465 524 exaudieban-

120 555 196 598 tur,
215 550 378 589 barbaro
395 550 474 588 ritu
492 549 651 587 Darium
671 549 795 586 adhue
814 549 962 600 Regem
982 548 1235 587 clamantium.

201 616 261 652 62.
292 613 522 661 Alexander,
561 613 585 630 ¹²
598 617 642 650 ut
678 613 792 663 supra
830 612 971 650 dictum
1004 617 1074 660 est,
1113 612 1274 650 inhibito
1312 624 1466 650 suorum

119 689 240 723 cursu,
273 676 321 713 ad
353 666 502 727 Lycum
533 688 681 713 amnem
711 679 958 725 pervenerat:
1000 675 1067 713 ubi
1093 675 1227 726 ingens
1259 674 1466 712 multitudo

118 739 345 790 fugientium
367 743 589 777 oneraverat
605 743 772 788 pontem,
791 743 830 775 et
847 738 1030 789 plerique,
1060 739 1150 791 cfim
1159 737 1282 776 hostis
1300 742 1455 789 urgeret

119 803 158 839 in
188 803 328 839 flumen
357 814 397 839 se
428 801 770 851 praecipitaverant,
803 813 1013 851 gravesque
1045 792 1171 848 afmis,
1192 805 1231 838 et
1261 801 1395 851 praelio
1424 813 1467 838 ac

117 865 212 915 fuga
245 864 458 914 defatigati,
489 863 708 914 gurgitibus
737 863 1020 902 hauriebantur.
1078 863 1241 915 Jamque
1272 877 1348 902 non
1374 877 1468 914 pons

118 927 228 964 modo
261 926 463 977 fugientes,
493 925 560 963 sed
590 938 637 963 ne
669 925 791 963 amnis
823 925 978 977 quidem
1009 926 1194 976 capiebat,
1223 927 1375 978 agmina
1401 940 1468 965 sua

119 989 329 1039 improvide
363 988 523 1027 subinde
560 988 816 1027 cumulantes:
855 988 994 1039 quippe
1030 989 1097 1028 ubi
1132 989 1293 1028 intravit
1322 989 1468 1027 animos

118 1065 246 1103 pavor,
267 1052 308 1089 id
340 1052 462 1089 solum
493 1055 680 1099 metuunt,
701 1051 802 1102 quod
833 1051 999 1101 primum
1027 1051 1232 1089 formidare
1260 1057 1465 1102 coeperunt.

119 1114 350 1163 Alexander,
381 1114 630 1162 (instantibus
660 1113 749 1161 suis,
771 1113 920 1163 impune
953 1114 1155 1152 abeuntem
1186 1114 1333 1152 hostem
1362 1115 1468 1165 sequi

121 1178 143 1196 ¹³
157 1177 440 1228 permitteret3)
471 1176 665 1215 “hebetia
697 1175 774 1213 tela
805 1188 897 1224 esse,
932 1180 972 1214 et
1002 1189 1136 1214 manus
1167 1176 1360 1228 fatigatas,
1388 1182 1467 1215 tan-

119 1245 233 1291 toque
253 1253 367 1277 cursu
385 1252 540 1289 corpora
560 1238 753 1287 exhausta,
775 1243 814 1276 et
841 1251 1011 1289 praeceps
1041 1239 1082 1276 in
1100 1244 1250 1277 noctem
1279 1240 1355 1278 diei
1376 1245 1467 1278 tem-

118 1302 228 1353 pus,”
267 1302 289 1320 ¹⁴
305 1306 483 1339 causatus
513 1305 580 1339 est.
637 1301 790 1339 Revera
823 1301 868 1338 de
895 1301 991 1340 laevo
1019 1314 1146 1350 cornu,
1181 1302 1318 1353 ¹⁵quod
1347 1303 1468 1340 adhue

120 1366 161 1402 in
190 1365 270 1402 acie
303 1369 404 1402 stare
437 1363 628 1412 credebat,
658 1363 855 1411 sollicitus,
885 1364 1026 1402 reverti
1058 1364 1106 1402 ad
1137 1365 1331 1403 ferendam
1359 1379 1468 1415 opem

121 1414 200 1466 suis
220 1428 244 1446 ¹⁰
255 1428 401 1466 statuit.
459 1427 624 1478 Jamque
655 1427 762 1478 signa
780 1432 1030 1476 converterat,
1051 1430 1135 1465 cum
1167 1428 1315 1479 equites
1334 1442 1357 1466 a
1375 1429 1467 1467 Par-

118 1491 290 1528 menione
317 1490 437 1539 missi,
458 1490 563 1527 illius
590 1503 738 1541 quoque
767 1489 889 1540 partis
917 1490 1116 1528 victoriam
1144 1491 1335 1529 nunciant.
1393 1491 1468 1530 Sed

118 1553 267 1592 nullum
296 1566 339 1590 eo
360 1553 422 1590 die
451 1554 574 1602 majus
603 1552 812 1602 periculum
840 1554 863 1570 ¹⁷
875 1552 985 1601 adiit,
1005 1555 1120 1603 quam
1149 1553 1242 1591 dum
1261 1553 1386 1604 copias
1414 1567 1468 1592 re-

120 1617 224 1654 ducit
243 1617 283 1654 in
303 1621 436 1654 eastra.
494 1616 615 1654 Pauci
645 1629 730 1653 eum
749 1620 787 1654 et
809 1616 1056 1666 incompositi
1084 1617 1339 1668 sequebantur
1357 1630 1468 1655 ovan-

119 1685 177 1717 tes
196 1679 367 1717 victorici.
427 1677 575 1729 Quippe
606 1691 734 1716 omnes
763 1679 903 1728 hostes,
923 1683 990 1717 aut
1017 1679 1057 1716 in
1084 1679 1214 1731 fugam
1233 1680 1383 1728 effusos,
1403 1685 1468 1717 aut

119 1744 159 1780 in
179 1743 257 1780 acie
276 1743 458 1780 cecidisse
479 1742 692 1780 credebant.
751 1741 851 1780 Cum
873 1742 1030 1792 repente
1051 1755 1098 1780 ex
1117 1742 1273 1780 adverso
1293 1743 1468 1793 apparuit

119 1819 252 1858 agmen
285 1806 468 1857 equitum,
493 1805 559 1856 qui
589 1805 714 1855 primo
745 1805 942 1843 inhibuere
972 1818 1146 1854 cursum3
1177 1805 1312 1843 deinde
1342 1806 1467 1844 Mace-

120 1869 260 1906 donum
292 1869 484 1919 paucitate
521 1870 733 1918 conspeetd,
767 1871 914 1905 turmas
946 1867 985 1904 in
1013 1867 1143 1905 obvios
1171 1868 1464 1907 concitaverunt.

121 1933 224 1969 Ante
263 1932 372 1983 signa
409 1932 495 1970 Rex
530 1930 622 1978 ibat,
663 1930 941 1968 ¹⁸dissimulat0
978 1930 1100 1981 magis
1136 1930 1317 1981 periculo,
1351 1933 1465 1982 quam

121 1999 257 2044 spreto.
330 1994 413 2032 Nee
445 1994 569 2031 defuit
599 1993 635 2031 ei
671 1998 851 2044 perpetua
883 1993 923 2030 in
957 1994 981 2011 ¹⁹
997 1993 1123 2032 dubiis
1151 1994 1263 2032 rebus
1290 1994 1464 2033 felicitas.

122 2057 298 2108 Namque
330 2058 555 2107 proefeetum
591 2058 782 2108 equitatus
820 2056 973 2094 avidum
1011 2057 1238 2106 certaminis,
1277 2062 1316 2095 et
1352 2058 1400 2096 ob
1428 2058 1467 2095 id

121 2120 242 2170 ipsum
278 2120 470 2158 incautius
506 2120 546 2157 in
583 2133 622 2158 se
660 2125 842 2168 ruentem,
880 2119 991 2157 hasta
1028 2121 1227 2159 transfixit.
1299 2121 1383 2167 Quo
1420 2135 1467 2159 ex

121 2195 216 2232 equo
236 2182 352 2232 lapso,
372 2183 598 2233 proximum,
620 2196 661 2220 ac
694 2182 830 2220 deind&
863 2182 1002 2232 plurim,
1023 2183 1153 2220 eodem
1182 2184 1257 2221 telo
1286 2184 1465 2223 confodit.

121 2245 302 2283 Invasere
332 2245 504 2283 turbatos
538 2246 647 2283 amit-i
679 2259 837 2297 quoque,
857 2258 924 2282 nee
959 2246 1087 2284 Persa·
1117 2247 1228 2284 inulti
1259 2247 1465 2286 cadebant·

121 2308 260 2359 quippe
281 2321 355 2345 non
385 2309 409 2325 ²⁰
421 2308 609 2346 universae
639 2309 750 2355 acies,
771 2311 883 2359 quam
913 2309 971 2347 11ae
991 2310 1290 2348 ”tumultum-im
1321 2324 1455 2349 manus

121 2371 384 2408 vehementius
404 2371 522 2409 iniere
542 2376 742 2410 certamen.
801 2371 966 2409 Tandem
998 2373 1172 2421 Barbari,
1201 2375 1290 2411 cum
1310 2374 1463 2412 obscura

121 2433 205 2471 luce
225 2434 313 2485 fuga
334 2434 451 2472 tutior
471 2434 663 2472 videretur
683 2448 777 2474 esse.
798 2436 909 2485 quium
924 2449 1060 2487 pugna,
1077 2436 1236 2475 diversis
1255 2435 1467 2488 agminibus
