1583 2680
489 159 650 184 L113E1t
688 159 730 184 ν.
772 159 883 185 car.
924 159 1004 185 111.
1367 147 1415 184 87

76 256 127 302 et,
156 251 359 300 “Mater‚”
392 251 528 303 inquit,
561 251 695 289 “hanc
726 255 881 301 vestem,
900 253 976 303 qua„
1004 251 1159 289 indutus
1192 263 1286 299 sum,
1319 264 1414 289 soro-

75 329 160 354 rum
178 328 252 353 non
271 315 392 354 solum
411 315 561 364 donum,
581 315 649 353 sed
663 315 776 353 etiam
795 327 889 366 opus
907 314 1026 354 vides.
1083 314 1220 352 Nostri
1239 314 1416 364 decepere

75 392 135 417 me
154 392 287 418 mores.
358 381 370 398 ⁰
388 378 500 431 Cave,
522 379 683 428 obsecro,
705 381 727 397 ¹⁰
741 380 780 417 in
798 379 1062 417 contumeliam
1094 378 1253 429 accipias
1273 378 1416 429 ignora-

75 443 218 481 tionem
236 456 368 481 meam.
427 442 521 488 Quae
539 443 597 480 tui
623 442 740 481 moris
768 455 849 481 esse
877 442 1046 494 cognovi,
1063 446 1107 479 ut
1126 454 1247 492 spero,
1267 440 1417 480 abunde

75 511 225 545 servata
261 511 358 544 sunt.
417 506 504 545 Scio
541 507 564 523 ¹¹
580 505 679 556 apud
714 518 782 544 vos
818 505 938 543 filium
973 505 1014 543 in
1050 509 1253 555 conspectu
1284 505 1418 541 matris

75 569 181 607 nefas
213 582 294 607 esse
323 569 528 617 considere,
559 569 634 606 nisi
663 569 752 606 cum
781 568 849 606 illa
876 568 1074 619 permisit:
1113 567 1418 619 quotiescumque

76 632 125 670 ad
144 638 183 670 te
203 632 300 681 veni,
321 633 452 680 donec,
472 637 517 670 ut
546 632 792 681 considerem,
822 644 1016 681 annueres,
1044 631 1182 670 restiti.
1238 631 1419 669 Procum-

76 696 169 734 bens
188 696 362 734 venerari
392 709 451 733 me
482 697 580 745 saepe
614 695 788 745 voluisti,
819 695 975 734 inhibui.
1033 695 1278 733 Dulcissimae
1305 693 1416 731 matri

80 759 302 810 Olympiadi
321 772 458 797 nomen
476 759 657 807 debitum,
678 758 749 797 tibi
766 758 920 797 reddo.”

157 822 238 860 III.
275 824 329 860 10.
361 822 542 873 Mitigato
576 823 683 871 ¹ejus
713 821 849 870 animo,
880 822 968 860 Rex
995 821 1144 873 quartis
1180 820 1316 858 castris
1343 833 1422 870 per-

77 886 182 923 venit
201 885 250 923 ad
271 886 416 937 Tigrim
434 886 598 924 fluvium.
656 885 908 934 Pasitigrim
934 885 1067 922 incolae
1085 888 1228 922 vocant.
1289 882 1424 922 Oritur

79 950 119 987 in
147 949 341 987 montibus
362 949 562 997 Uxiorum,
582 953 620 986 et
638 961 707 999 per
727 962 750 986 L
770 948 895 987 stadia
925 947 1177 998 sylvestribus
1206 946 1301 997 ripis
1330 958 1424 996 prae-

79 1025 166 1063 ceps
202 1013 302 1050 inter
333 1025 424 1049 saxa
454 1011 678 1049 devolvitur.
753 1011 960 1061 Accipiunt
996 1011 1131 1048 deinde
1170 1023 1257 1048 eum
1288 1009 1423 1059 campi,

78 1088 171 1128 quos
207 1074 452 1113 clementiore
490 1074 598 1112 alveo
631 1073 812 1124 praeterit,
841 1075 922 1123 jam
958 1073 1139 1111 ²navium
1174 1073 1334 1123 patiens,
1375 1086 1424 1110 Dc

79 1139 205 1178 stadia
235 1144 323 1177 sunt
341 1137 529 1176 mollioris
562 1137 645 1186 soli,
664 1149 732 1187 per
758 1136 860 1188 quod
878 1136 955 1174 leni
984 1140 1109 1174 tractu
1127 1149 1308 1187 aquarum
1336 1136 1425 1174 Per-

81 1203 286 1242 sico‘mari
317 1215 356 1240 se
385 1201 566 1239 insinuat.
636 1200 865 1249 Alexander,
897 1213 1005 1237 amne
1042 1205 1230 1250 superato,
1263 1212 1348 1237 cum
1387 1212 1427 1236 1x

80 1266 249 1305 millibus
285 1265 469 1316 peditum,
511 1269 551 1302 et
588 1263 769 1316 Agrianis
807 1263 1094 1315 sagittariisque
1131 1267 1169 1301 et
1206 1262 1425 1302 Graeeorum

81 1329 324 1368 mercenariis
356 1328 558 1376 militibus,
593 1341 637 1364 111
667 1327 813 1365 additis
850 1327 1019 1366 millibus
1050 1326 1255 1375 Thracum,
1293 1326 1333 1363 iu
1373 1340 1427 1364 rc-

81 1394 232 1445 gionem
252 1393 443 1432 Uxiorum
472 1390 655 1442 pervenit.
712 1390 901 1428 Finitima
932 1390 1042 1429 Susis
1060 1394 1132 1439 est,
1153 1395 1192 1428 et
1211 1390 1250 1427 in
1269 1390 1427 1440 primam

83 1457 281 1495 Persidem
300 1455 489 1494 excurrit:
519 1459 665 1492 arctum
692 1455 793 1492 inter
813 1467 853 1492 se
873 1457 912 1491 et
940 1453 1120 1492 Susianos
1139 1453 1284 1491 aditum
1317 1453 1427 1491 relin-

82 1533 212 1571 quens
270 1519 447 1558 Madates
479 1522 561 1556 erat
593 1517 707 1567 hujus
743 1517 914 1568 regionis
944 1517 1170 1565 Praefectus,
1202 1516 1305 1555 haud
1337 1516 1427 1555 sanc>

85 1586 97 1602 ³
114 1589 328 1633 temporum
346 1582 469 1620 homo.
508 1580 657 1630 Quippe
674 1580 813 1617 ultima
831 1593 898 1630 pro
916 1579 989 1620 fide
1009 1580 1175 1629 experiri
1196 1580 1427 1618 decreverat.

86 1647 162 1686 Sed
180 1645 294 1697 periti
314 1645 482 1683 locorum
502 1642 767 1682 Alexandrum
797 1641 944 1691 docent,
965 1642 1153 1679 occultum
1171 1642 1246 1679 iter
1264 1655 1345 1680 esse
1363 1655 1428 1692 per

85 1710 213 1758 calles,
233 1714 272 1747 et
290 1721 466 1746 aversum
486 1707 533 1745 ab
551 1706 643 1745 urbe
659 1719 667 1744 ε
699 1705 732 1743 si
750 1718 890 1756 paucos
908 1705 1076 1743 misisset
1093 1704 1233 1743 leviter
1251 1710 1428 1753 armatos,

86 1785 199 1824 super
235 1771 362 1821 capita
399 1770 566 1807 hostium
603 1781 792 1806 evasuros
851 1767 951 1807 Cum
980 1767 1182 1806 consilium
1214 1767 1429 1818 placuisset,

85 1837 202 1874 iidem
220 1835 401 1872 itinerum
419 1833 576 1871 fuerunt
595 1832 729 1870 duces:
759 1831 865 1869 mille
885 1836 923 1869 et
941 1831 1140 1882 quingenti
1158 1830 1328 1868 mercede
1347 1843 1430 1868 con·

86 1899 204 1948 ducti,
223 1902 262 1937 et
290 1897 456 1949 Agriani
488 1897 568 1935 fere
599 1896 706 1934 mille
739 1895 910 1933 Tauroni
938 1895 1130 1933 Praefecto
1159 1894 1252 1943 dati,
1274 1906 1317 1931 ac
1345 1898 1431 1945 post

87 1959 177 2002 solis
208 1974 379 2000 occasum
410 1960 488 1998 iter
518 1959 666 2011 ingredi
690 1959 798 2009 jussi.
854 1958 944 2008 Ipse
975 1957 1092 1996 tertia.
1125 1957 1259 2008 vigilia.
1297 1956 1430 1994 castris

87 2025 212 2073 motis,
251 2023 350 2062 circa.
392 2023 489 2061 lucis
534 2027 661 2060 ortum
705 2025 952 2072 superaverat
996 2020 1213 2072 angustias:
1262 2023 1428 2070 caesaque

88 2087 250 2126 materia
286 2086 456 2125 cratibus
493 2090 534 2124 ct
570 2085 711 2136 pluteis
745 2084 943 2133 faciendis,
980 2088 1025 2121 ut
1051 2083 1115 2134 qui
1154 2087 1278 2122 turres
1307 2083 1431 2120 admo-

90 2155 231 2199 verent,
252 2150 263 2167 ⁴
277 2155 387 2188 extra
403 2149 474 2187 teli
492 2149 610 2187 ictum
630 2153 766 2197 essent,
795 2147 929 2186 urbem
957 2145 1130 2185 obsidere
1150 2146 1273 2197 ccepit.
1331 2146 1433 2184 Pras-

90 2217 204 2263 rupta.
236 2217 342 2250 erant
377 2212 511 2260 omnia,
544 2211 647 2250 saxis
679 2215 720 2249 et
748 2209 897 2249 cotibus
929 2209 1121 2259 impedita.
1179 2208 1317 2246 Multis
1345 2209 1433 2258 ergo

91 2275 313 2315 vulneribus
331 2275 493 2326 depulsi,
512 2279 556 2312 ut
573 2275 710 2327 quibus
739 2287 815 2311 non
846 2287 931 2311 cum
949 2273 1058 2311 hoste
1078 2272 1214 2320 solum,
1236 2272 1299 2309 sed
1320 2271 1433 2308 ctiam

92 2353 176 2378 cum
203 2339 285 2377 loco
304 2338 560 2376 dimicandum
589 2343 700 2386 esset,
721 2337 899 2376 subibant
928 2341 1074 2386 tamen3
1104 2336 1194 2387 quia
1221 2336 1307 2373 Rex
1336 2334 1434 2370 iuter

93 2404 236 2455 primos
280 2402 515 2450 constiterat,
558 2401 810 2451 interrogans,
856 2403 950 2438 “tot
995 2399 1142 2438 urbium
1179 2398 1340 2436 victores
1386 2409 1434 2433 an

94 2467 355 2506 erubescerent
384 2465 528 2503 haerere
559 2464 598 2501 in
629 2463 825 2502 obsidione
855 2461 1002 2501 castelli
1041 2461 1165 2512 exigui
1190 2466 1228 2497 et
1259 2458 1434 2511 ignobilis
