1583 2680
615 175 776 201 „luna
817 175 859 201 x.
905 177 1017 202 cnr.
1059 176 1087 201 1.
1449 165 1525 202 245

226 265 249 292 7.
268 266 397 292 Aridoeus
421 265 550 299 Philippo
570 267 687 299 genitus,
708 266 848 300 Meleagro
868 269 1058 301 promovente,
1079 275 1096 293 n.
1115 267 1282 300 quibusdam
1302 267 1364 294 Rex
1384 267 1525 294 salutatur.

181 309 265 336 Unde
277 310 368 337 civilis
380 310 445 336 belli
457 311 571 336 semina.

225 353 249 380 S.
267 353 398 379 Primarii
422 353 506 379 duces
528 353 660 387 Meleagri
684 354 788 380 artibus
806 356 960 381 occurrunt.
1006 354 1134 382 Aridaeus
1157 356 1260 387 autem,
1282 355 1356 387 pacis
1378 355 1525 385 studiosus,

176 396 330 422 tumultum
344 403 509 429 componere
522 397 614 423 medii·
627 397 747 430 quadam
760 399 866 424 ratione
879 400 1000 424 conatur.

224 440 247 466 9.
266 440 411 467 Perdiccas
432 440 605 474 Meleagrum
625 443 652 468 et
672 443 809 468 trecentos
822 443 878 469 sere
898 442 972 475 alios,
991 443 1039 476 qui
1060 449 1125 468 eum
1146 443 1234 468 secuti
1254 442 1374 474 fuerant,
1395 441 1458 467 dolo
1480 448 1525 472 op»

174 484 278 516 primit.

223 527 262 552 10.
281 526 434 553 Alexandri
443 527 596 560 imperium
610 529 638 553 in
651 530 742 560 partes
755 528 886 560 divisum,
902 529 983 561 cujus
994 535 1106 554 summa
1120 528 1231 554 Aridaeo
1243 528 1354 559 tributa,
1369 527 1524 553 Provincia]

173 571 267 596 nutem
291 571 474 603 magnatibus.
519 572 651 598 Desuncti
673 579 772 604 corpus
796 572 830 598 nb
858 573 954 598 amicis
976 574 1112 605 curatum,
1136 575 1166 598 et
1188 572 1301 598 tandem
1325 572 1523 598 Alexandriam

173 613 290 647 AEgypti
303 614 465 641 translatum
478 617 527 642 est.
1376 615 1379 619 ’

254 710 285 748 Ι.
323 713 351 748 1.
384 711 528 750 11som1
562 712 641 750 fere
681 712 818 750 diebus
853 712 1042 751 Cleander
1081 717 1120 750 et
1156 711 1334 760 Sitalces,
1368 716 1408 750 et
1437 725 1523 749 cum

174 774 381 825 Agathone
429 774 609 813 Heracon
656 776 941 826 superveniunt,
980 775 1047 827 qui
1085 775 1379 814 Parmenionem
1413 777 1523 825 jussu

175 837 295 887 Regis
335 837 577 887 oeciderant3
622 839 810 890 ¹quinque
843 839 964 876 millia
996 839 1168 889 peditum
1205 851 1292 876 cum
1330 838 1523 889 equitibus

174 900 288 938 mille.
349 900 426 939 Sed
457 906 496 938 et
527 907 767 939 accusatores
799 914 863 940 eos
890 902 936 939 ²0
955 901 1165 952 provincia,
1187 901 1249 939 cui
1277 901 1523 951 praefuerant,

143 998 148 1001 ,
174 963 453 1014 sequebantur:
483 977 551 1002 nec
585 970 643 1002 tot
671 965 852 1013 facinora,
882 970 978 1016 quot
1009 965 1255 1014 admiserant,
1283 977 1522 1015 compensare

172 1032 349 1077 poterant
368 1027 484 1065 caedis
507 1029 693 1078 perquam
713 1034 836 1079 gratae
856 1027 959 1079 Regi
978 1028 1204 1066 ministerio.
1263 1027 1413 1078 Quippe
1433 1028 1522 1064 cum

173 1093 300 1127 omnia
331 1090 490 1140 profana
528 1091 771 1141 spoliassent,
801 1104 849 1128 ne
889 1091 1008 1129 sacris
1041 1091 1203 1142 quidem
1234 1091 1518 1139 abstinuerant;

172 1153 416 1205 virginesque
445 1158 484 1191 et
516 1154 708 1204 prIncipes
727 1154 984 1203 foeminarum,
1007 1159 1142 1204 stupra
1171 1167 1374 1205 perpessae,
1395 1166 1523 1204 corpo-

173 1229 258 1254 rum
277 1216 446 1255 ludibria
465 1216 670 1255 deflebant.
728 1217 904 1255 Invisum
925 1217 1182 1255 Macedonum
1205 1229 1343 1255 nomen
1362 1217 1523 1255 avaritia

173 1292 304 1317 eorum
331 1293 375 1317 ac
394 1279 515 1318 libido
536 1279 722 1318 Barbaris
744 1280 898 1318 fecerat.
957 1280 1070 1318 Inter
1090 1293 1220 1318 omnes
1240 1285 1368 1317 tamen
1388 1279 1522 1317 emine-

173 1342 238 1380 bat
261 1342 443 1381 Cleandri
462 1343 582 1391 furor,
602 1343 669 1394 qui
697 1343 865 1381 nobilem
885 1343 1073 1394 virginem
1094 1347 1391 1393 constupratam,
1413 1355 1521 1380 servo

173 1419 242 1443 suo
274 1406 452 1456 pellicem
483 1406 654 1444 dederat.
727 1406 910 1457 Plerique
944 1406 1153 1444 amicorum
1185 1405 1414 1454 Alexandri,
1445 1418 1521 1443 non

174 1474 253 1506 tam
287 1469 490 1506 criminum
522 1483 608 1520 quae
640 1469 770 1520 palam
802 1469 1095 1519 objiciebantur,
1129 1469 1382 1517 atrocitatem,
1402 1469 1520 1519 quam

174 1532 394 1569 memoriam
414 1532 528 1569 occisi
547 1545 615 1582 per
635 1544 699 1570 eos
720 1532 1000 1581 Parmenionis,
1019 1531 1146 1583 ³quod
1166 1532 1326 1569 tacitum
1340 1531 1521 1582 prodesse

174 1594 250 1632 reis
270 1594 372 1645 apud
392 1595 539 1646 Regem
559 1598 724 1645 poterat,
745 1594 1017 1643 intuebantur3
1049 1594 1131 1632 laeti
1159 1594 1338 1631 recidisse
1358 1594 1454 1631 iram
1481 1594 1521 1630 in

175 1659 243 1696 irae
262 1658 472 1705 ministros,
491 1670 561 1695 nec
587 1657 706 1695 ullam
725 1657 936 1708 potentiam
964 1656 1106 1694 scelere
1125 1656 1327 1707 quaesitam
1346 1656 1521 1706 cuiquam

175 1735 258 1759 esse
287 1721 520 1759 diuturnam.
577 1721 679 1769 Rex,
699 1720 853 1771 cognita
881 1722 1009 1768 eausa,
1037 1719 1316 1770 pronunciavit,
1337 1719 1384 1757 ab
1413 1732 1519 1756 accu-

175 1784 368 1823 satoribus
386 1798 505 1822 unum
524 1789 563 1822 et
582 1784 622 1821 id
648 1784 859 1822 maximum
878 1783 1022 1821 crimen
1043 1795 1125 1821 csse
1145 1783 1395 1833 praeteritum,
1415 1781 1426 1799 ⁴
1440 1782 1519 1820 des-

174 1849 409 1899 perationem
443 1848 580 1887 salutis
610 1860 718 1897 suae;
762 1860 959 1898 nunquam
992 1847 1092 1884 enim
1125 1846 1219 1883 talia
1249 1858 1420 1893 ausuros,
1454 1846 1520 1896 qui

175 1912 299 1962 ipsum
319 1925 367 1950 ex
387 1912 504 1950 India
525 1911 712 1962 sospitem
741 1915 808 1948 aut
838 1913 1037 1961 optassent
1067 1909 1221 1959 reverti,
1241 1914 1310 1947 aut
1341 1909 1518 1946 credidis-

176 1980 261 2013 sent
289 1988 542 2014 reversurum.
600 1961 730 2025 Igitur
760 1974 831 2012 hos
850 1973 1005 2025 quidem
1024 1973 1172 2012 vinxit:
1203 1985 1253 2010 Dc
1274 1977 1400 2010 autem
1423 1972 1518 2009 mili-

176 2044 270 2086 tum,
308 2039 376 2090 qui
413 2038 573 2077 saevitiae
610 2051 743 2076 eorum
779 2037 947 2075 ministri
986 2037 1151 2084 fuerant,
1189 2035 1350 2073 interfici
1385 2035 1515 2085 jussit.

177 2101 326 2139 Eodem
346 2101 408 2139 die
425 2106 620 2151 sumptum
639 2106 698 2139 est
727 2100 956 2150 supplicium
976 2099 1024 2137 de
1044 2099 1092 2137 iis
1111 2099 1260 2151 quoque
1281 2099 1400 2150 fl'quos
1430 2112 1514 2136 auc-

176 2169 278 2202 tores
299 2164 524 2202 defectionis
545 2165 754 2203 Persarum
776 2163 958 2202 Craterus
978 2162 1202 2201 adduxerat.

255 2231 288 2264 2.
322 2227 441 2265 Haud
459 2227 580 2265 multo
599 2230 692 2278 post
712 2227 912 2265 Nearchus
927 2232 967 2265 et
982 2226 1233 2275 Onesicritus,
1249 2238 1344 2277 quos
1364 2224 1518 2275 longius

176 2291 214 2328 in
251 2290 448 2330 Oceanum
478 2291 685 2341 procedere
713 2292 894 2341 jusserat,
927 2289 1213 2341 superveniunt.
1274 2288 1519 2328 Nunciabant

175 2359 303 2391 autem
323 2353 498 2405 quaedam
526 2353 670 2402 audita,
691 2354 768 2392 alia
786 2358 993 2404 comperta.
1059 2353 1232 2391 Insulam
1265 2352 1363 2390 ostio
1397 2351 1518 2389 amnis

176 2419 386 2468 subjectam
428 2431 521 2455 auro
555 2417 759 2466 abundare,
794 2418 943 2468 inopem
981 2431 1164 2469 equorum
1199 2429 1303 2454 esse:
1345 2413 1518 2465 singulos

176 2495 291 2532 equos
322 2482 369 2519 ab
407 2482 466 2529 iis,
486 2481 553 2532 qui
589 2495 635 2518 ex
666 2481 876 2519 continent-i
915 2481 1092 2531 trajicere
1126 2479 1318 2518 auderent.
1357 2477 1517 2528 singulis
