1583 2680
131 163 200 200 104
589 176 772 208 QUINTI
811 175 993 201 CURTII

120 272 234 318 negat
267 267 510 306 audiendum.
585 267 686 316 Rex,
707 268 872 307 inhibito
899 272 1021 318 patre,
1054 268 1179 306 dicere
1212 268 1462 307 Hermolaum

125 331 248 380 jubet,
263 345 349 383 quae
369 331 613 382 exmagistro
628 332 828 370 didicisset
850 331 1081 371 Calisthenc.
1140 332 1195 370 Et
1218 333 1462 381 Hermolaus,

119 396 141 414 “
156 394 296 443 Utor,”
326 395 463 445 inquit,
496 397 517 415 ‘²
534 395 718 433 beneficio
751 400 831 445 tuo,
865 400 904 432 et
937 395 1022 433 dico
1056 409 1143 446 quae
1175 396 1317 433 nostris
1353 395 1464 433 malis

119 457 245 494 didici.
289 455 436 503 'Quota
454 470 540 508 pars
561 457 817 496 Macedonum
836 458 999 496 saevitiae
1018 463 1096 496 tuae
1115 458 1321 509 superest?
1365 458 1463 504 Quo-

119 525 181 557 tus
200 521 356 571 quidem
374 533 450 558 non
471 534 490 558 e
510 521 697 559 vilissimo
727 521 940 572 sanguine?
1010 521 1183 570 Attalus,
1205 526 1244 559 et
1274 521 1463 568 Philotas,

118 588 156 620 et
178 583 394 632 Parmenio,
416 588 454 621 et
476 584 686 634 Lyncestes
706 584 942 632 Alexander,
964 589 1003 622 et
1024 583 1164 634 Clitus,
1190 584 1393 635 ³quantum
1416 583 1464 621 ad

118 646 246 684 hostes
274 647 455 697 pertinet,
475 648 637 696 vivunt3
669 651 775 685 stant
806 647 846 685 in
874 648 966 695 acie,
988 652 1027 686 te
1056 647 1202 697 clypeis
1233 648 1312 685 suis
1341 652 1464 698 prote-

117 714 224 759 gunt,
242 715 280 747 et
298 722 365 759 pro
385 710 510 760 gloria
530 712 610 758 tua,
632 723 700 760 pro
721 710 887 748 victoria
903 710 1063 748 vulnera
1083 710 1297 760 accipiunt:
1326 710 1464 761 quibus

119 778 160 809 tu
181 773 374 823 egregiam
395 773 558 823 gratiam
577 773 758 810 retulisti.
829 772 946 810 Alius
967 786 1135 810 mensam
1154 777 1261 810 tuam
1280 773 1465 823 sanguine

117 848 186 872 suo
207 835 382 885 aspersit.
440 835 556 872 Alius
575 848 623 872 ne
643 835 834 885 ⁴simplici
852 835 1007 886 quidem
1026 840 1150 873 morte
1170 836 1375 874 defunctus
1395 841 1463 874 est.

118 898 246 936 Duces
267 898 505 936 exercituum
531 903 686 936 tuorum
706 899 746 936 in
774 899 981 950 equuleum
1000 899 1182 949 impositi,
1204 899 1350 949 Persis,
1370 913 1465 951 quos

116 962 297 1009 vicerant,
328 961 437 999 fuere
469 961 698 1012 spectaculo.
763 961 981 1010 Parmenio,
1014 962 1161 1000 indicta
1195 965 1322 1011 eausa,
1352 963 1464 1001 truci-

117 1025 228 1063 datus
253 1030 322 1074 est,
343 1039 413 1076 per
432 1039 547 1077 quem
567 1025 750 1063 Attalum
770 1025 975 1063 occideras.
1034 1025 1208 1065 Invicem
1229 1026 1329 1064 enim
1356 1027 1464 1064 mise-

115 1102 246 1126 rorum
282 1089 406 1126 uteris
444 1089 620 1127 manibus
658 1089 670 1106 ⁵
685 1089 734 1126 ad
773 1089 989 1139 expetenda
1028 1089 1223 1140 supplicia.
1283 1090 1338 1127 Et
1369 1102 1465 1141 quos

115 1152 231 1202 paulo
255 1153 341 1189 ante
363 1152 562 1190 ministros
582 1152 699 1190 caedis
727 1151 908 1200 habuisti,
927 1152 1055 1190 subito
1075 1153 1122 1190 ab
1142 1152 1228 1189 aliis
1254 1152 1366 1201 jubes
1386 1158 1464 1190 tru-

117 1215 280 1252 cidari.''
340 1214 581 1265 Obstrepunt
602 1215 741 1253 deinde
762 1215 892 1252 cuncti
913 1214 1134 1252 Hermolao.
1194 1215 1315 1263 Pater
1337 1228 1465 1265 supre-

115 1279 224 1315 mum
253 1278 463 1316 strinxerat
481 1278 637 1325 ferrum,
658 1290 911 1328 percussurus
930 1278 1032 1316 haud
1053 1278 1182 1326 dubie,
1203 1281 1245 1315 ni
1275 1279 1464 1317 inhibitus

117 1346 217 1379 esset
237 1355 259 1379 a
278 1341 410 1391 Rege:
439 1341 581 1392 quippe
603 1341 860 1379 Hermolaum
881 1341 1008 1379 dicere
1033 1342 1171 1392 jussit;
1202 1342 1400 1394 petiitque,
1420 1347 1465 1380 ut

116 1417 248 1441 causas
269 1404 447 1454 supplicii
467 1408 670 1455 augentem
690 1404 884 1454 patienter
903 1404 1091 1442 audirent.

195 1470 255 1506 526.
303 1468 425 1518 AEgre
465 1469 554 1518 crgo
599 1467 788 1515 coercitis,
828 1468 966 1505 rursus
1004 1467 1249 1516 Hermolaus,
1295 1471 1316 1489 “
1339 1468 1464 1515 Quam

116 1531 360 1580 liberaliter,''
381 1530 520 1581 inquit,
542 1530 709 1580 “pueris
737 1529 898 1568 rudibus
933 1530 982 1567 ad
1013 1530 1215 1568 dicendum
1244 1544 1356 1582 agere
1383 1545 1465 1582 per·

115 1594 261 1632 mittis!
318 1594 376 1631 At
409 1593 644 1632 Calisthenis
676 1606 753 1632 vox
784 1606 935 1632 carcere
964 1593 1114 1632 inclusa
1146 1599 1216 1643 est,
1236 1595 1328 1646 quia
1361 1595 1465 1633 solus

115 1663 242 1708 potest
262 1657 400 1695 dicere.
461 1656 540 1696 Cur
560 1657 661 1695 enim
688 1670 765 1695 non
784 1657 1021 1708 producitur,
1043 1660 1128 1695 esim
1156 1658 1273 1696 etiam
1301 1658 1466 1696 confessi

115 1721 355 1759 audiuntur?
423 1720 573 1772 Nempe
607 1721 700 1772 quia
731 1721 893 1760 liberam
924 1733 1056 1760 vocem
1088 1721 1302 1760 innocentis
1331 1721 1465 1760 audire

115 1785 267 1833 metuis,
289 1798 331 1822 ac
350 1797 397 1822 ne
417 1784 567 1823 vultum
586 1783 742 1836 quidem
761 1784 916 1835 pateris.
975 1785 1102 1836 Atqui
1116 1784 1214 1822 nihil
1228 1798 1315 1823 eum
1328 1785 1464 1823 fecisse

117 1849 316 1887 contendo.
376 1848 476 1887 Sunt
508 1848 573 1886 hie
603 1849 670 1900 qui
702 1861 851 1886 mecum
881 1861 962 1886 rem
987 1848 1281 1899 pulcherrimam
1301 1849 1463 1900 cogitav-

118 1918 241 1950 erunt.
312 1912 437 1951 Nemo
472 1917 542 1960 cst,
571 1912 637 1963 qui
675 1911 868 1949 conscium
902 1911 1021 1949 fuisse
1057 1911 1168 1949 nobis
1204 1911 1464 1950 Callisthenem

117 1975 230 2023 dicat,
252 1976 342 2013 cnm
370 1974 487 2013 morti
518 1974 608 2012 olim
640 1973 856 2012 destinatus
885 1973 937 2011 sit
956 1986 978 2010 a
997 1973 1238 2023 ‘justissimo
1260 1979 1299 2011 ct
1318 1974 1464 2025 patien—

118 2038 266 2076 tissimo
287 2038 408 2089 Rege.
465 2038 477 2055 ⁷
490 2037 589 2076 Hcec
610 2050 700 2089 crgo
717 2041 807 2075 sunt
836 2036 1090 2075 Macedonum
1111 2037 1278 2087 praemia,
1299 2050 1462 2088 quorum

118 2106 162 2138 ut
182 2113 420 2151 supervacuo
441 2105 479 2138 ct
499 2100 654 2138 sordido
671 2099 842 2138 abuteris
864 2099 1050 2150 sanguine
1069 2099 1076 2136 1
1133 2100 1191 2137 At
1211 2099 1284 2138 tibi
1304 2099 1465 2151 triginta

119 2163 242 2200 millia
274 2163 467 2200 mulorum
501 2163 694 2213 captivum
728 2175 863 2199 aurum
897 2161 1054 2209 vehunt,
1076 2162 1165 2199 esim
1195 2161 1339 2200 milites
1365 2162 1465 2201 nihil

119 2227 272 2264 domum
292 2230 431 2275 praetcr
451 2225 462 2242 ⁸
476 2226 667 2276 gratuitas
684 2225 878 2262 cicatrices
894 2224 1054 2262 relaturi
1075 2225 1163 2263 siut..
1222 2225 1318 2271 Qum
1338 2230 1465 2263 tamen

120 2289 247 2327 onmia
267 2289 431 2327 tolerare
459 2288 667 2338 potuimuS,
688 2292 891 2338 antequam
919 2301 987 2325 nos
1018 2288 1203 2326 Barbaris
1233 2287 1405 2336 dederes,
1426 2293 1466 2325 et

121 2355 133 2371 ss
146 2365 243 2391 novo
262 2365 366 2390 more
387 2351 554 2390 victores
575 2352 646 2389 sub
663 2352 799 2401 jugum
820 2351 1003 2389 mitteres.
1063 2351 1273 2389 Persarum
1294 2356 1331 2389 tc
1347 2350 1464 2389 vestis

121 2421 160 2454 ct
194 2414 398 2466 disciplina
431 2413 610 2462 delcetat,
646 2413 791 2464 patrios
823 2427 946 2452 mores
981 2427 1119 2453 exosus
1147 2427 1198 2452 οε.
1257 2414 1464 2452 Persarum

120 2481 226 2531 ergo,
246 2491 321 2517 non
343 2477 598 2517 Macedonum
621 2477 768 2529 Regem
789 2477 961 2516 occidere
981 2477 1173 2517 voluimus
1190 2489 1198 2514 :
1228 2481 1267 2515 et
1286 2481 1324 2515 te
1344 2480 1464 2514 trans-
