1583 2680
115 160 192 197 200
581 171 771 201 QUINTI
809 171 995 197 cunTn

112 263 238 301 culum
281 263 434 313 pellices
471 264 654 312 referunt,
691 263 815 314 patrio
850 263 1015 302 carmine
1043 263 1211 301 noctium
1238 263 1456 303 invocantes

112 326 222 364 Deos.

192 391 252 427 31.
285 389 382 434 Quis
419 389 548 427 eredat
584 389 685 427 inter
721 389 800 427 haec
831 389 928 427 vitia
959 402 1088 427 euram
1122 402 1203 427 esse
1232 389 1455 440 sapientiae?

113 451 240 490 Unum
260 457 409 503 agreste
442 457 480 490 et
512 452 710 490 horridum
740 465 859 503 genus
877 456 948 501 est,
968 465 1060 503 quos
1088 451 1286 502 Sapientes
1304 458 1452 491 vocant.

112 515 229 565 Apud
260 515 328 552 hos
348 516 372 533 ²¹
387 528 569 565 occupare
600 515 673 552 fati
705 515 817 563 diem,
849 515 1068 565 pulehrum;
1100 520 1139 552 et
1170 515 1276 554 vivos
1309 528 1348 553 se
1377 528 1455 553 cre-

109 577 206 615 mari
229 578 376 628 jubent,
405 578 544 630 quibus
578 582 644 616 aut
663 579 690 596 ²²
706 578 830 629 segnis
861 583 968 626 aetas,
997 583 1063 615 aut
1091 578 1328 616 incommoda
1354 578 1452 616 vale-

109 640 202 679 tudo
234 647 316 680 est:
359 642 385 659 ²³
401 645 638 691 expectatam
669 646 832 679 mortem
861 654 930 691 pro
961 641 1142 679 dedecore
1173 641 1266 680 vitae
1301 641 1450 680 habent.

111 703 192 741 Nec
228 704 330 742 ullus
363 704 593 754 corporibus,
623 717 709 755 quae
745 709 918 741 senectus
955 703 1082 751 solvit,
1118 703 1236 741 honos
1271 703 1450 743 redditur.

110 766 306 816 Inquinari
336 771 475 817 putant
494 766 629 817 ignem,
647 766 722 803 nisi
748 766 815 816 qui
845 765 1036 815 spirant-es
1053 765 1198 815 recipit.
1254 765 1359 803 ”Illi
1386 766 1453 817 qui

108 828 147 865 in
182 829 342 867 urbibus
387 829 549 878 publicis
585 828 754 867 moribus
800 828 954 879 degunt,
993 827 1162 865 siderum
1196 834 1321 866 motus
1356 829 1450 867 scite

108 895 276 941 spectare
295 891 485 940 dicuntur,
505 895 544 928 et
571 891 703 929 futura
720 890 934 941 praedicere.
989 889 1111 928 ²⁵Nec
1138 903 1362 941 quemquam
1389 891 1452 929 ad-

107 967 254 992 movere
286 954 382 991 lethi
414 954 515 991 diem
547 954 718 1003 eredunt,
756 954 819 992 cui
855 958 1076 1004 exspectare
1112 953 1288 992 interrito
1326 953 1448 993 liceat.

109 1016 208 1054 Deos
227 1022 372 1067 putant,
391 1017 575 1068 quidquid
593 1016 713 1055 colere
745 1021 938 1067 coeperunt
954 1029 962 1055 :
994 1017 1146 1055 arbores
1164 1016 1340 1065 maxime,
1358 1029 1450 1068 quas

108 1079 251 1117 violare
284 1080 425 1131 capital
458 1085 527 1118 est.
599 1080 752 1118 Menses
781 1080 821 1117 in
853 1079 987 1131 quinos
1020 1079 1138 1117 denos
1170 1079 1451 1129 descripserunt

109 1143 198 1180 dies.
266 1143 290 1160 ²⁰
306 1144 411 1181 Anni
430 1143 544 1193 plena
561 1143 687 1194 spatia
705 1147 866 1181 servant.
936 1143 1056 1181 Lunae
1074 1154 1188 1180 cursu
1205 1146 1341 1179 notant
1359 1146 1449 1179 tem-

108 1219 210 1255 pora,
243 1219 318 1243 non
349 1210 394 1243 ut
425 1201 608 1257 plerique,
641 1207 730 1243 cum
760 1206 888 1244 orbem
919 1205 1025 1242 sidus
1055 1204 1239 1255 implevit,
1271 1204 1337 1242 sed
1364 1207 1449 1242 eum

109 1281 147 1305 se
166 1275 319 1306 curvare
334 1269 448 1318 coepit
466 1269 507 1305 in
522 1281 681 1318 eornua3
713 1268 909 1306 etidcirco
925 1267 1117 1306 breviores
1135 1267 1275 1306 habent
1290 1281 1448 1315 menses,

107 1331 171 1382 qui
192 1332 355 1381 spatium
374 1345 503 1369 eorum
522 1332 571 1369 ad
589 1332 689 1369 hunc
709 1332 830 1370 Lunae
847 1331 1002 1369 modum
1021 1330 1202 1382 dirigunt.
1261 1331 1387 1369 Multa
1410 1337 1450 1369 et

107 1395 183 1431 alia
201 1395 415 1443 traduntur,
431 1395 571 1446 quibus
584 1394 721 1432 morari
741 1394 907 1432 ordinem
927 1407 1051 1432 rerum
1064 1393 1166 1431 haud
1184 1396 1275 1432 sane
1295 1395 1318 1411 ²⁷
1328 1407 1449 1444 operae

107 1457 272 1507 pretium
291 1457 502 1495 videbatur.

186 1521 236 1558 X.
268 1523 327 1558 3⁵2.
359 1520 508 1571 ¹Igitur
541 1519 763 1557 Alexandro
796 1520 886 1557 fines
920 1519 1045 1558 Indiae
1082 1519 1252 1571 ingresso
1280 1520 1448 1571 gentium

107 1596 259 1620 suarum
291 1582 432 1634 Reguli
463 1587 719 1630 occurrerunt,
749 1582 937 1632 imperata
964 1582 1129 1621 facturi:
1157 1582 1265 1620 illum
1292 1582 1449 1620 tertium

107 1646 206 1683 Jove
224 1645 398 1696 genitum
417 1645 466 1682 ad
497 1645 600 1696 ipsos
620 1645 838 1695 pervenisse
857 1651 1131 1684 memorantes:
1161 1646 1319 1684 Patrem
1338 1645 1449 1684 Libe-

106 1722 202 1756 rum,
224 1713 338 1760 atque
360 1708 567 1746 Herculem
587 1709 690 1746 fama
709 1709 879 1760 cognitos
898 1721 978 1746 esse
994 1722 1002 1747 ε
1032 1709 1153 1759 ipsum
1173 1721 1299 1746 coram
1316 1707 1448 1746 adesse

106 1773 290 1822 cernique.
347 1772 433 1810 Rex
465 1772 627 1823 benigne
659 1776 839 1822 exceptos
869 1773 974 1823 sequi
1002 1772 1130 1822 jussit,
1150 1771 1310 1809 ’iisdem
1337 1771 1448 1809 itine-

106 1848 188 1871 rum
208 1835 366 1873 ducibus
384 1847 532 1873 usurus,
590 1834 783 1873 Caeteram
803 1835 891 1872 eum
911 1835 1078 1884 amplius
1097 1847 1204 1872 nemo
1223 1839 1447 1882 occurreret,

108 1898 418 1948 Hephaestionem
449 1904 487 1935 et
518 1898 738 1936 Perdiccam
773 1911 858 1935 cum
894 1898 1085 1948 copiarum
1115 1902 1223 1947 parte
1250 1897 1446 1947 praemisit²

105 1961 153 1997 ad
174 1961 411 2013 subigendos,
425 1961 488 2012 qui
509 1965 773 1999 aversarentur
788 1960 1007 2010 imperium:
1034 1960 1223 2011 jussitque
1242 1960 1291 1997 ad
1309 1960 1447 1998 flumen

106 2024 245 2062 Indum
274 2025 486 2075 procedere,
516 2029 554 2062 et
581 2024 733 2076 navigia
762 2023 897 2071 facere,
929 2023 1036 2074 queis
1068 2024 1109 2061 in
1136 2023 1319 2062 ulteriora
1346 2028 1446 2062 tran-

106 2088 267 2137 sportari
301 2094 427 2137 posset
451 2088 650 2126 exercitus.
706 2087 788 2135 Illi,
808 2087 896 2137 quia
924 2087 1034 2138 plura
1064 2087 1220 2125 flumina
1238 2086 1446 2137 superanda

105 2157 223 2199 erant,
262 2151 316 2188 sic
349 2153 512 2201 junxere
547 2163 672 2199 naveS‚
706 2156 750 2188 ut
781 2151 917 2189 soluta>
946 2150 1126 2201 plaustris
1157 2150 1243 2188 vehi
1280 2155 1445 2200 possent,

60 2217 63 2220 ’
106 2216 310 2264 rursusque
347 2215 532 2265 conjungi.
602 2215 697 2251 Post
733 2226 772 2250 se
805 2213 961 2252 Cratero
1000 2227 1085 2250 cum
1121 2213 1307 2264 phalange
1338 2214 1446 2262 jusso

106 2277 222 2328 sequi,
261 2277 473 2328 equitatum
522 2291 564 2314 ac
602 2277 720 2314 levem
759 2282 990 2314 armaturam
1027 2277 1174 2324 eduxit,
1208 2289 1344 2327 eosque
1380 2275 1447 2327 qui

106 2345 358 2388 occurrerant,
381 2340 453 2377 lovi
486 2340 615 2389 proelio
636 2340 673 2377 iu
694 2340 821 2377 urbem
855 2341 1064 2390 proximam
1083 2339 1272 2390 compulit.
1329 2339 1443 2378 ³Jam
1475 2355 1480 2361 «

106 2408 375 2453 supervenerat
395 2403 586 2441 Craterus.
626 2403 761 2454 Itaque
781 2409 822 2440 ut
842 2404 1024 2454 principio
1046 2409 1227 2441 terrorem
1248 2403 1444 2446 incuteret,

106 2467 221 2518 genti,
260 2467 422 2503 nondum
463 2480 565 2503 arma
606 2466 853 2504 Macedonum
881 2473 1055 2516 expertae,
1094 2466 1268 2516 praecipit
1304 2478 1351 2503 ne
1385 2464 1445 2502 cui
