1583 2680
416 172 578 198 masa
608 171 730 198 VI11.
770 170 882 197 car.
922 171 1032 196 x1V.
1316 161 1393 196 213

52 264 236 316 petebant
253 264 471 304 belluarum
489 277 635 302 manus.
694 263 778 303 Nec
803 262 1014 316 quidquam
1042 262 1298 313 inexpertum,
1318 276 1393 301 non

47 329 74 346 ¹⁶
87 328 224 366 mortis
242 328 368 376 modo,
390 328 457 366 sed
477 327 593 366 etiam
625 327 665 365 in
699 327 783 378 ipsa
802 330 938 375 morte,
957 326 1049 365 novi
1079 325 1258 377 supplicii
1278 326 1394 365 timor

45 391 259 430 omittebat.
318 391 423 442 Ergo
456 391 650 441 elephanti
679 390 904 429 vulneribus
933 389 1089 428 tandem
1121 389 1275 440 fatigati
1304 402 1394 428 suos

45 456 195 505 impetu
215 445 403 502 sternunt,
425 459 464 492 et
483 454 550 505 qui
578 458 759 491 rexerant
778 466 855 502 eOS,
875 452 1107 504 praecipitati
1126 452 1165 490 in
1184 457 1325 490 terram
1345 453 1392 491 ab

44 519 139 569 ipsis
176 517 461 556 obterebantur.
538 517 679 568 Itaque
716 529 895 567 pecorum
931 515 1057 564 modo,
1094 515 1216 566 magis
1262 516 1393 566 pavidi

43 583 162 633 quam
181 581 324 629 infesti,
345 580 451 618 ultra
470 580 590 618 aciem
619 579 884 631 exigebantur,
905 580 994 617 cum
1023 579 1161 627 Porus,
1183 579 1391 617 destitutus

44 659 66 682 a
85 644 272 695 pluribus,
294 644 372 682 tela
389 644 512 682 mult&
541 643 630 681 ante
659 647 882 694 praeparata,
900 642 941 680 in
969 642 1231 690 circumfusos,
1253 656 1300 680 ex
1320 643 1391 681 elc-

44 708 186 758 phanto
201 721 269 745 suo
289 707 403 758 coepit
421 707 606 758 ingerere,
627 705 836 757 multisque
856 706 1002 743 eminas
1021 705 1249 754 vulneratis,
1279 719 1389 757 expo-

45 771 143 808 situs
177 771 259 821 ipse
287 771 336 808 ad
367 771 468 808 ictus
488 770 658 821 undique
687 769 902 820 petebatur.
961 769 1111 807 Novem
1135 771 1216 819 jam
1234 770 1393 807 vulnera

45 834 133 871 hine
154 839 274 885 tergo,
296 834 403 871 illinc
436 838 591 884 pectore
622 838 849 883 exceperat:
877 832 1077 883 multoque
1105 833 1290 884 sanguine
1309 846 1393 883 pro-

46 898 142 947 fuso,
175 897 367 948 languidis
397 897 572 935 manibus
604 897 626 914 ¹⁷
641 896 763 947 magis
793 895 933 946 elapsa,
967 897 1083 947 quam
1120 908 1280 933 excussa
1316 896 1393 934 tela

45 960 237 999 mittebat.
295 960 333 998 N
337 973 379 998 ec
400 960 558 1011 segnius
577 959 708 998 bellua
723 959 905 996 instincta
923 958 1043 1007 rabie,
1062 958 1231 997 nondum
1251 959 1392 1007 saucia,

46 1023 298 1062 invehebatur
343 1023 554 1071 ordinibus,
593 1023 712 1061 donec
758 1027 885 1059 rector
930 1021 1070 1060 belluae
1114 1022 1261 1074 Regem
1308 1035 1392 1060 con-

45 1087 171 1138 spexit
191 1086 214 1104 ¹⁸
228 1086 438 1124 fluentibus
469 1086 663 1133 membris,
685 1085 912 1135 omissisque
943 1085 1058 1122 armis
1086 1085 1153 1123 vix
1181 1091 1393 1136 compotem

44 1150 193 1188 mentis.
236 1149 336 1187 Tum
356 1149 524 1188 belluam
544 1149 584 1186 in
602 1149 734 1200 fugam
754 1148 931 1196 eoncitat,
953 1153 1135 1199 sequente
1156 1148 1390 1187 Alexandro.

46 1213 121 1252 Sed
141 1225 262 1264 equus
295 1214 379 1263 ejus
399 1212 534 1250 multis
552 1211 778 1250 vulneribus
808 1211 1008 1249 confossus
1039 1211 1292 1263 deficiensque
1311 1225 1392 1262 pro-

45 1277 191 1325 cubuit,
212 1277 236 1294 ¹⁹
249 1277 375 1328 posito
387 1276 510 1328 magis
530 1275 650 1326 Rege,
666 1276 784 1327 quam
805 1275 935 1313 effuso.
984 1273 1123 1326 Itaque
1144 1275 1235 1313 dum
1255 1288 1393 1327 equum

45 1346 181 1389 mutat,
201 1340 355 1378 tardius
375 1340 571 1378 insecutus
591 1344 660 1377 est.

125 1407 185 1443 49.
217 1404 382 1443 Interim
400 1404 521 1442 frater
542 1403 693 1441 Taxilis
722 1402 843 1454 Regis
876 1402 1076 1451 Indorum,
1095 1402 1316 1453 praemissus
1345 1403 1393 1442 ab

46 1468 283 1517 Alexandro,
311 1480 467 1506 monere
500 1467 615 1518 eoepit
644 1467 802 1514 Porum,
822 1479 870 1504 ne
902 1465 1042 1504 ultima.
1073 1466 1241 1517 experiri
1269 1479 1392 1517 perse-

45 1537 210 1579 veraret,
231 1531 462 1582 dederetque
493 1543 533 1568 se
558 1530 706 1568 victori.
763 1530 822 1567 At
848 1529 928 1577 ille,
948 1530 1168 1580 quanquam
1195 1529 1394 1568 exhaustae

47 1599 156 1633 erant
187 1595 290 1632 vires
323 1593 599 1644 deficiebatque
636 1592 804 1642 sanguis,
843 1596 973 1629 tamen
1009 1592 1059 1629 ad
1093 1597 1226 1629 notam
1263 1605 1394 1630 vocem

47 1659 250 1706 excitatus,
272 1660 294 1679 “
309 1658 526 1709 Agnosc0,'’
548 1656 685 1706 inquit,
707 1658 728 1676 “
745 1654 893 1692 Taxilis
913 1655 1084 1702 fratrem,
1103 1654 1253 1705 imperii
1272 1655 1393 1706 regni·

45 1735 119 1773 que
139 1721 199 1759 sui
218 1720 448 1771 proditoris3
466 1720 487 1738 ‘⁷
517 1724 556 1757 et
582 1718 714 1768 telum,
742 1717 845 1769 quod
871 1730 990 1755 unum
1018 1717 1122 1755 forte
1148 1730 1224 1755 non
1244 1718 1395 1756 effluxe-

46 1790 115 1833 rat,
150 1784 337 1823 contorsit
367 1784 407 1821 in
434 1796 545 1832 eum3
574 1781 677 1833 quod
707 1795 776 1832 per
808 1780 979 1819 medium
1012 1785 1150 1831 pectus
1178 1781 1396 1831 penetravit

46 1849 95 1887 ad
129 1853 290 1901 tergum.
307 1867 318 1875 ·
349 1847 437 1885 Hoc
468 1846 604 1884 ultimo
631 1845 789 1883 virtutis
817 1857 930 1895 opere
959 1844 1077 1894 edito,
1105 1844 1237 1895 fugere
1266 1844 1394 1882 acrius

47 1912 170 1963 eoepit.
229 1911 306 1950 Sed
326 1910 554 1961 elephantus
572 1922 735 1960 quoque,
756 1908 823 1959 qui
843 1907 966 1945 multa
993 1912 1198 1958 exceperat
1226 1906 1314 1956 tela,
1334 1907 1395 1944 de·

46 1974 208 2012 fieiebat.
268 1973 409 2025 Itaque
429 1972 536 2010 sistit
567 1972 710 2022 fugam,
730 1971 975 2022 peditemque
1006 1970 1181 2021 sequenti
1210 1969 1313 2008 hosti
1332 1969 1395 2007 ob-

54 2039 160 2089 jecit.
233 2037 327 2076 Jam
357 2035 583 2075 Alexander
615 2040 842 2074 consecutus
871 2038 965 2081 erat,
996 2038 1034 2071 et
1060 2033 1272 2084 pertinacia
1301 2032 1396 2071 Pori

48 2101 213 2150 cognita,
256 2099 412 2138 vetabat
443 2098 714 2137 resistentibus
750 2097 866 2147 parci.
943 2096 1048 2147 Ergo
1085 2095 1255 2147 undique
1291 2096 1396 2134 etin

49 2164 198 2214 pedites
219 2167 259 2199 et
278 2162 318 2199 in
336 2161 464 2212 ipsum
494 2161 642 2199 Porum
674 2159 755 2197 tela
782 2163 962 2210 congesta
990 2163 1091 2207 sunt,
1111 2159 1220 2210 queis
1240 2158 1396 2196 tandem

49 2231 244 2277 gravatus,
265 2224 344 2262 labi
373 2237 421 2262 ex
448 2223 579 2263 bellua.
599 2223 724 2273 coepit.
784 2221 920 2270 Indus,
940 2221 1007 2273 qui
1027 2221 1271 2272 elephantum
1290 2233 1395 2271 rege-

51 2291 125 2338 bat,
145 2287 376 2326 descendere
397 2300 483 2325 eum
502 2291 622 2334 ratus,
635 2299 741 2324 more
761 2285 874 2324 solito
888 2284 1128 2336 elephantum
1148 2284 1396 2335 procumbere

56 2353 176 2403 jussit
197 2352 235 2389 in
255 2364 402 2403 genua:
431 2351 498 2402 qui
516 2355 562 2388 ut
589 2363 629 2388 se
658 2349 847 2400 submisit,
867 2348 996 2387 eaeteri
1023 2361 1173 2400 quoque
1204 2348 1276 2397 (ita
1295 2347 1395 2385 enim

51 2416 219 2454 instituti
240 2417 363 2465 erant)
385 2415 575 2452 demisere
595 2426 752 2464 corpora
771 2413 811 2451 in
830 2417 982 2450 terram.
1042 2411 1101 2450 Ea
1119 2424 1180 2449 res
1200 2416 1238 2449 et
1252 2411 1395 2448 Porum

49 2485 86 2517 et
106 2485 264 2518 caeteros
284 2477 497 2517 victoribus
518 2476 690 2514 tradidit.
