1583 2680
464 141 625 167 mann
668 141 710 166 v.
755 141 867 168 car.
911 142 977 166 iv.
1344 132 1393 168 89

52 239 209 286 paverat
245 247 371 285 rupes,
410 233 596 272 abscissas
629 238 669 272 et
704 233 874 285 undique
912 238 1137 284 praeruptas,
1166 233 1205 272 in
1233 247 1392 286 quarum

51 298 314 336 cacuminibus
347 302 457 335 extra
487 297 556 335 teli
580 299 728 347 jactum
757 296 924 336 Barbari
956 297 1124 345 stabant,
1156 299 1180 316 ¹¹
1198 297 1245 335 de
1265 298 1391 335 indus-

51 361 128 399 tria
148 361 280 413 quieti,
302 365 341 398 et
360 361 588 411 paventibus
621 360 777 409 similes,
799 360 919 399 donee
949 361 989 398 in
1009 361 1243 398 arctissimas
1262 361 1392 398 fauces

51 429 271 474 penetraret
290 436 434 475 agmen.
495 423 608 469 Quod
626 424 694 462 ubi
725 428 948 475 contemptu
978 424 1038 462 sui
1065 437 1223 475 pergere
1242 424 1390 471 vident,

48 492 131 524 tum
163 488 255 525 vero
289 487 454 537 ingentis
486 487 763 538 magnitudinis
794 500 886 525 saxa
914 500 981 538 per
1015 488 1042 506 ¹²
1057 487 1247 525 montium
1273 500 1392 537 prona

48 551 269 599 devolvunt,
297 564 384 602 quae
417 550 569 588 incussa
602 551 746 600 saepius
780 550 1067 601 subjacentibus
1100 551 1221 602 petris
1249 552 1390 601 majore

46 613 84 651 vi
105 613 333 652 incedebant
350 627 358 651 :
392 627 461 651 nec
481 613 654 665 singulos
673 614 798 662 mode,
820 614 846 633 ¹³
864 613 932 652 sed
960 615 1113 665 agmina
1130 613 1388 665 proterebant.

48 677 195 716 Fundis
215 690 365 729 quoque
385 678 538 715 excussi
570 677 729 728 lapides,
751 682 791 715 et
809 678 961 729 sagittae
979 678 1150 729 undique
1169 677 1389 729 ingereban-

46 745 119 778 tur.
196 741 279 779 Nec
324 741 364 778 id
410 741 667 779 miserrimum
711 741 877 779 fortibus
914 741 1008 780 viris
1046 746 1140 790 erat,
1179 741 1247 779 sed
1287 741 1390 792 qued
1445 768 1450 773 -

45 803 161 840 inulti
188 804 356 855 quidem,
377 804 544 842 serarum
571 805 662 852 ritu,
682 803 790 842 velut
817 804 857 842 in
884 804 997 843 fovea
1017 804 1254 854 deprehensi,
1274 804 1390 842 caede-

45 872 190 904 rentur.
247 867 314 905 Ira
334 867 454 919 igitur
474 868 514 904 in
533 867 679 905 rabiem
698 869 822 915 versa,
844 867 1051 905 eminentia
1079 880 1171 905 saxa
1190 867 1389 918 complexi,

44 935 89 967 ut
119 930 167 967 ad
205 930 354 968 hostem
387 931 641 980 pervenirent,
671 930 769 968 alius
798 930 917 968 alium
949 930 1122 968 levantes
1153 930 1390 968 conabantur

44 993 276 1031 ascendere:
309 993 392 1030 ¹*ea
425 993 509 1042 ipsa
541 993 752 1030 multorum
785 993 900 1031 simul
932 993 1108 1031 manibus
1139 998 1312 1044 correpta
1351 998 1390 1031 et

43 1055 234 1104 convulsa,
254 1056 293 1093 in
325 1069 401 1104 eos,
420 1056 488 1106 qui
521 1060 818 1105 commoverant,
846 1056 1081 1094 recidebant.
1140 1057 1262 1094 15Nec
1290 1061 1390 1094 stare

43 1120 166 1170 ergo,'
186 1132 257 1157 nec
294 1119 379 1167 niti,
412 1132 460 1157 ne
492 1119 686 1156 testudine
719 1118 873 1170 quidem
905 1119 1056 1170 protegi
1084 1124 1274 1169 poterant,
1305 1122 1388 1157 cum

43 1188 163 1221 tantae
181 1183 294 1221 molis
314 1195 430 1221 onera
456 1181 717 1232 propellerent
746 1181 925 1221 Barbari.
995 1182 1144 1233 Regem
1175 1195 1250 1220 non
1282 1183 1389 1220 dolor

41 1246 167 1295 modo,
205 1246 273 1285 sed
310 1246 425 1284 etiam
461 1246 585 1297 pudor
613 1247 757 1283 temere
787 1246 827 1283 iu
864 1246 952 1283 illas
991 1248 1187 1297 angustias
1225 1247 1388 1296 conjecti

43 1310 238 1348 exercitiis
271 1310 443 1362 angebat.
520 1309 696 1348 Invictus
736 1314 823 1347 ante
862 1322 944 1348 eam
981 1309 1083 1347 diem
1120 1310 1262 1358 fuerat,
1291 1309 1388 1347 nihil

41 1374 190 1412 frustra
210 1387 326 1412 ausus
344 1386 352 1411 :
382 1374 536 1424 impune
555 1372 701 1412 Ciliciae
720 1373 851 1411 fauces
872 1373 1088 1412 intraverat
1105 1387 1113 1422 ;
1146 1374 1172 1391 ¹⁶
1188 1374 1285 1411 mari
1301 1387 1388 1424 quo-

42 1450 115 1488 que
133 1450 275 1476 novum
295 1438 370 1475 iter
388 1437 427 1474 in
448 1436 718 1486 Pamphyliam
747 1441 959 1487 aperuerat.
1019 1437 1126 1474 Tunc
1148 1437 1389 1475 ¹⁷haesitabat

43 1500 278 1550 deprehensa
307 1500 500 1548 felicitas3
531 1512 600 1537 nec
634 1499 740 1536 aliud
765 1499 977 1537 remedium
997 1504 1092 1548 erat,
1113 1501 1228 1550 quam
1246 1500 1388 1538 reverti

45 1564 159 1614 ¹⁵qua
184 1569 352 1601 venerat.
412 1563 550 1613 Itaque
581 1562 689 1612 signo
708 1563 880 1612 receptui
911 1562 1013 1612 dato,
1042 1563 1211 1600 densatis
1249 1563 1385 1601 ordini-

42 1627 126 1675 bus,
147 1627 340 1677 scutisque
361 1638 471 1675 super
489 1625 616 1675 capita
634 1625 830 1675 consertis,
846 1626 948 1663 retro
967 1625 1129 1663 evadere
1150 1626 1238 1664 Rex
1255 1639 1386 1677 angus-

44 1690 109 1728 tiis
125 1689 259 1739 jubet:
290 1689 451 1740 triginta
469 1689 577 1726 fuere
597 1689 732 1738 stadia,
752 1701 837 1740 quae
856 1688 1019 1727 remensi
1039 1694 1139 1726 sunt.

124 1751 201 1790 IV.
237 1754 291 1790 13.
324 1751 424 1789 Tum
460 1751 596 1789 eastris
629 1751 800 1802 undique
837 1756 969 1802 aperto
1007 1751 1090 1789 loco
1128 1751 1276 1802 positis,
1313 1764 1388 1789 non

45 1814 264 1853 consultare
291 1814 406 1852 modo
434 1814 529 1865 quid
561 1814 751 1865 agendum
785 1819 898 1860 esset,
919 1814 987 1852 sed
1006 1819 1114 1852 vates
1146 1827 1296 1866 quoque
1327 1815 1386 1852 ad-

42 1879 175 1917 hibere
195 1878 311 1928 coepit
338 1891 361 1915 a
388 1877 660 1928 superstitione
694 1877 821 1915 animi.
880 1878 890 1896 ¹
909 1877 987 1916 Sed
1015 1877 1110 1928 quid
1142 1882 1234 1915 tunc
1253 1877 1387 1928 praedi·

43 1954 128 1980 cere
161 1939 406 1987 Aristander,
440 1941 502 1978 cui
535 1945 618 1978 tum
650 1939 858 1992 plurimum
892 1940 1122 1978 credebatur
1142 1953 1190 1978 ex
1218 1940 1386 1988 vatibus,

43 2003 228 2055 poterat?
283 2003 422 2054 Itaque
455 2003 647 2041 damnatis
679 2003 964 2054 intempestivis
999 2003 1208 2052 sacrificiis,
1241 2004 1387 2054 peritos

44 2068 215 2105 locorum
252 2067 453 2106 convocari
488 2067 612 2117 jubet.
688 2067 767 2105 Per
804 2066 978 2104 Mediam
1023 2066 1099 2105 iter
1137 2067 1388 2106 ostendebant

45 2135 170 2167 tutum
191 2134 437 2181 apertumque
454 2143 461 2167 :
491 2130 559 2168 sed
578 2131 668 2168 Rex
704 2130 880 2169 deserere
908 2129 1054 2168 milites
1073 2130 1286 2181 insepultos
1307 2144 1385 2168 eru-

45 2193 234 2241 bescebat,
253 2192 311 2230 ita
329 2193 473 2231 tradito
491 2206 606 2244 more,
624 2198 669 2232 ut
686 2193 752 2232 vix
784 2193 908 2232 ullum
941 2193 1092 2232 militiae
1120 2199 1199 2231 tam
1220 2194 1386 2232 solemne

46 2260 148 2294 esset
167 2268 316 2302 munus,
335 2268 449 2306 quam
467 2255 651 2294 humandi
671 2269 770 2294 suos.
828 2256 1011 2307 Captivos
1031 2257 1134 2307 crgo,
1153 2269 1248 2308 quos
1267 2269 1386 2305 nuper

46 2322 258 2369 exceperat,
277 2318 405 2356 vocari
420 2318 555 2368 jubet:
584 2319 686 2358 inter
705 2332 802 2371 quos
835 2324 918 2358 erat
946 2319 1102 2371 quidam
1124 2319 1269 2358 Graeeae
1299 2319 1385 2355 Per·

46 2382 209 2433 sicaeque
242 2381 385 2432 linguae
417 2381 576 2431 peritus,
606 2383 674 2433 qui
705 2383 852 2420 frustra
872 2395 959 2420 eum
988 2383 1026 2420 in
1059 2383 1257 2420 Persidem
1287 2393 1385 2417 mon-

47 2447 143 2483 tium
163 2445 274 2484 dorso
295 2445 503 2483 exercitum
534 2445 672 2483 ducere
691 2446 877 2484 affirmat:
907 2445 1116 2496 sylvestres
1147 2457 1226 2482 csse
1259 2443 1384 2491 ealles,
