1583 2680
565 189 725 215 LIBER
766 189 808 214 x.
851 189 963 214 CAP.
1005 189 1062 214 11.
1414 178 1484 215 251

142 282 254 321 vobis
275 295 533 333 conceperam,
564 282 722 320 damno:
755 295 824 320 nec
851 286 897 320 ut
925 295 1012 320 cum
1042 277 1230 319 militibus
1262 280 1358 318 meis
1388 280 1488 330 (jam

142 345 241 383 enlm
261 359 345 384 esse
373 345 598 396 destitistis)
629 345 708 393 sed,
738 350 782 382 ut
802 358 887 383 eum
914 344 1182 396 ingratissimis
1212 343 1349 394 operiS‚
1377 357 1488 395 agere

141 408 301 446 decrevi.
361 408 549 447 Secundis
561 408 687 456 rebus,
703 422 788 459 quae
803 408 1070 446 circumfluunt
1084 420 1163 455 vos,
1180 407 1346 444 insanire
1359 407 1487 457 coepis-

140 471 204 518 tis,
224 471 337 509 obliti
357 474 486 509 status
506 472 590 521 ejus
609 484 724 522 quem
745 471 926 509 beneficio
947 470 1109 508 exuistis
1130 483 1213 508 meo
1230 482 1238 508 :
1269 469 1387 521 Digni
1407 471 1487 507 her-

139 533 224 572 cule
244 535 369 586 quiin
398 534 532 572 eodem
560 534 865 583 consenescatis3
896 533 1075 585 quoniam
1106 533 1258 571 facilius
1291 538 1350 571 est
1378 533 1487 571 vobis

138 597 339 635 adversam
357 599 474 649 quam
494 597 703 635 secundam
722 611 855 648 regere
884 597 1117 635 fortunam.‘’

216 663 239 682 “
256 661 318 699 En
338 661 515 699 tandem!
546 661 773 711 Illyriorum
792 660 905 710 paul&
926 659 1014 697 ante
1035 664 1074 697 et
1093 659 1300 697 Persarum
1329 659 1485 697 tributa-

137 723 218 771 riis,
240 724 337 762 Asia
358 730 397 762 et
417 729 475 762 tot
494 724 667 775 gentium
688 724 812 774 spolia
830 722 985 761 fastidio
1003 727 1102 760 sunt.
1160 722 1281 760 Modo
1302 722 1373 760 sub
1395 721 1486 759 Phi-

138 787 241 837 lippo
279 788 502 835 seminudis,
532 787 697 825 amicula
729 801 777 825 ex
811 789 982 838 purpurat
1011 786 1035 804 ¹⁶
1051 786 1217 824 sordent.
1275 785 1429 823 Aurum
1449 790 1488 823 et

137 856 338 902 argeutum
358 851 458 889 oculi
478 851 578 889 ferre
597 864 673 889 non
693 855 864 901 possunt.
935 850 1084 900 Lignea
1098 849 1198 887 enim
1217 862 1309 886 vasa
1340 848 1487 886 deside-

136 920 235 962 rant,
257 920 296 953 et
329 929 377 952 ex
408 915 577 953 cratibus
608 920 729 962 scuta,
757 914 1047 965 rubiginemque
1077 912 1304 964 gladiorum.
1362 912 1384 930 ¹⁷
1399 911 1487 950 Hoc

136 978 244 1016 cultu
263 979 432 1016 nitentes
450 991 519 1016 vos
539 978 679 1028 accepi,
701 982 739 1016 et
757 977 968 1029 quingenta
986 976 1132 1014 talenta
1146 976 1235 1014 oeris
1249 975 1376 1023 alieni,
1397 977 1487 1012 esim

136 1042 259 1079 omnis
280 1042 386 1093 regia
407 1041 580 1091 supellex
599 1041 703 1078 haud
722 1040 884 1091 amplius
903 1040 1020 1091 quam
1037 1039 1237 1090 sexaginta
1255 1038 1486 1076 talentorum

135 1110 249 1151 esset,
272 1117 443 1142 meorum
458 1118 617 1155 operum
636 1104 891 1142 fundamenta
907 1116 915 1151 3
946 1103 1085 1154 quibus
1105 1107 1234 1139 tamen
1255 1101 1297 1150 (¹⁸
1313 1101 1414 1139 absit
1432 1102 1485 1138 iu-

134 1167 255 1218 vidia)
277 1167 479 1218 imperium
499 1167 676 1205 maximae
695 1171 888 1204 terrarum
907 1165 1026 1216 partis
1046 1165 1249 1215 imposui.’'

215 1233 237 1251 “
253 1231 411 1269 Asiaene
431 1234 638 1281 pertaesum
667 1234 737 1278 est,
766 1242 852 1280 quae
878 1241 947 1267 vos
979 1227 1104 1278 gloria
1130 1240 1262 1266 rerum
1290 1232 1484 1278 gestarum

135 1293 221 1331 Diis
239 1306 352 1344 pares
371 1293 496 1332 fecit?
551 1293 601 1332 In
621 1292 819 1343 Europam
838 1292 894 1330 ire
924 1291 1151 1342 properatis,
1180 1290 1290 1342 Rege
1321 1290 1484 1339 deserto,

134 1359 219 1394 etim
231 1357 406 1408 pluribus
420 1359 598 1396 vestrum
611 1356 834 1394 defuturum
845 1355 1029 1394 viaticum
1040 1354 1171 1402 fuerit,
1186 1356 1229 1391 ni
1250 1366 1304 1392 aes
1317 1354 1484 1392 alienum

133 1420 301 1469 luissem,
332 1421 358 1439 ¹⁹
370 1421 505 1471 nempe
535 1433 583 1458 ex
603 1419 783 1457 Asiatica
801 1418 944 1469 praedz’z.
1003 1417 1087 1456 Nec
1114 1416 1237 1468 pudet
1254 1417 1280 1435 ²⁰
1294 1416 1484 1468 profundo

133 1488 266 1521 ventre
287 1483 525 1521 devictarum
541 1482 715 1533 gentium
734 1481 857 1533 spolia
875 1481 1202 1528 circumferentes,
1218 1479 1365 1518 reverti
1383 1479 1483 1518 velle

134 1546 184 1584 ad
210 1546 352 1584 liberos
371 1547 638 1596 coniugesque,
659 1545 800 1596 quibus
818 1544 930 1594 pauci
948 1544 1106 1594 praemia
1123 1543 1298 1582 victoriae
1317 1543 1482 1594 potestis

134 1609 345 1648 ostendere.
403 1608 506 1646 Nam
525 1613 762 1655 caeterorum,
784 1606 875 1644 dum
895 1606 1010 1644 etiam
1043 1606 1123 1656 spei
1155 1610 1296 1644 vestra:
1329 1605 1482 1644 obviam

134 1673 211 1721 itis,
232 1685 335 1710 arma
353 1672 503 1723 quoque
523 1670 673 1721 pignori
694 1675 794 1707 sunt.
852 1669 879 1686 ²¹
894 1668 1016 1706 Bonis
1043 1669 1136 1707 vero
1164 1668 1355 1706 militibus
1385 1668 1478 1706 cari-

135 1743 245 1774 turus
265 1749 361 1784 sum,
381 1735 562 1786 pellicum
582 1747 740 1772 suarum
760 1732 1007 1782 concubinis;
1039 1732 1181 1783 quibus
1200 1731 1271 1770 hoe
1291 1731 1415 1770 solum
1435 1745 1482 1769 ex

134 1799 252 1837 tantis
272 1798 408 1849 opibus
428 1802 613 1848 superest,
634 1797 674 1835 in
693 1796 796 1848 quod
815 1795 1085 1846 impenditur.'’

213 1861 424 1900 “Proinde
444 1861 682 1912 fugientibus
701 1873 761 1898 me
780 1863 939 1910 pateant
966 1859 1120 1897 limites.
1179 1857 1374 1896 Facessite
1394 1858 1481 1896 hine

133 1927 252 1965 ocius.
312 1925 399 1977 Ego
418 1937 505 1963 cum
526 1924 658 1962 Persis
678 1923 901 1962 abeuntium
921 1926 1029 1973 terga
1051 1921 1218 1960 tutabor.
1275 1921 1480 1959 Neminem

134 1995 245 2027 teneo
263 2001 271 2027 z
299 1988 460 2027 liberate
494 1987 625 2026 oeulos
659 2000 776 2034 meos,
808 1985 1061 2037 ingratissimi
1098 1985 1211 2022 cives.
1270 1983 1374 2022 Laeti
1410 1996 1480 2022 vos

135 2052 325 2102 excipient
361 2056 540 2101 parentes
573 2050 773 2101 liberique,
812 2049 893 2086 sine
930 2053 1057 2086 vestro
1095 2047 1206 2098 Rege
1249 2046 1479 2084 redeuntes!

135 2116 289 2154 obvium
321 2114 432 2152 ibunt
462 2113 722 2151 desertoribus
750 2110 1061 2162 transfugisquel
1119 2109 1380 2161 Triumphabo
1406 2123 1480 2148 me·

135 2177 291 2216 hercule
312 2177 359 2214 de
386 2177 480 2227 fuga.
499 2179 655 2214 vestra:
685 2180 724 2212 et
753 2174 984 2225 ubicumque
1003 2186 1079 2222 ero,
1100 2173 1128 2191 ²²
1142 2178 1319 2224 expetam
1337 2186 1477 2224 paenas,

135 2242 218 2290 hos,
237 2253 324 2278 cum
342 2239 483 2291 quibus
502 2252 562 2277 me
582 2238 813 2289 relinquitis,
833 2237 1004 2287 colendo,
1025 2236 1341 2288 praeferendoque
1359 2236 1478 2276 vobis.

137 2305 165 2342 J
170 2318 229 2341 am
249 2308 376 2340 autem
395 2302 538 2350 scietis,
559 2307 599 2339 et
618 2306 805 2352 quantum
826 2301 906 2338 sine
927 2300 1036 2351 Rege
1056 2299 1183 2339 valeat
1215 2300 1421 2347 exercitus,
1441 2305 1482 2337 et

135 2367 230 2419 quid
250 2367 332 2417 opis
353 2366 391 2402 in
410 2378 470 2402 me
490 2377 566 2402 uno
588 2364 676 2402 sit.'’
745 2363 914 2402 Desiluit
934 2363 1074 2402 deinde
1093 2363 1274 2402 frendens
1295 2362 1342 2400 de
1363 2362 1479 2400 tribu-

136 2429 226 2478 nali,
260 2434 299 2466 et
331 2428 371 2465 in
402 2426 570 2465 medium
599 2431 833 2464 armatorum
867 2439 1001 2477 agmen
1034 2438 1075 2464 se
1102 2425 1284 2474 immisit;
1316 2429 1480 2462 notatos·

137 2506 223 2545 que,
243 2491 309 2544 qui
329 2490 565 2530 ferocissime
586 2489 757 2532 oblocuti
785 2495 906 2538 erant,
937 2489 1109 2541 singulos
1129 2501 1244 2527 manu
1272 2486 1479 2538 corripuit:
