1583 2680
453 165 612 191 mni-:n
653 165 722 191 ιν.
766 165 877 190 οΛΡ.
931 165 994 190 XI.
1342 155 1391 192 63

52 259 255 298 admonere
285 263 424 309 potest,
445 258 596 296 ⁹n1inus
622 259 702 309 jam
730 257 1002 296 misericordiae
1023 261 1100 296 tuae
1127 257 1252 306 licere,
1274 260 1390 308 quam

51 322 200 361 licuit.”

131 387 191 423 44.
223 385 460 433 Alexander,
489 384 626 435 legatis
656 384 840 422 excedere
870 383 1112 422 tabernaculo
1140 383 1270 433 jussis,
1300 383 1392 434 quid

54 448 230 501 placeret,
250 448 298 486 ad
319 447 524 486 consilium
543 447 673 485 refert.
731 447 812 485 Dia
831 460 952 495 nemo,
973 447 1066 498 quid
1086 447 1257 494 sentiret,
1278 460 1392 483 ausus

51 516 112 549 est
149 512 285 559 dicere,
324 511 472 549 incerta.
511 510 632 561 Regis
669 510 877 549 voluntate.
954 510 1126 548 Tandem
1166 509 1391 547 Parmenio:

52 575 195 613 “Ante
227 575 466 622 suasissem,”
495 575 562 622 ait,
593 576 674 612 “ut
701 574 872 624 captivos
905 573 1007 624 apud
1035 573 1265 611 Damascum
1298 573 1392 610 redi-

52 638 243 676 mentibus
263 638 462 676 rcdderes:
493 638 687 688 ingentem
705 637 905 688 pecuniam
927 637 1099 687 potuisse
1119 636 1243 687 redigi
1265 649 1312 674 ex
1332 636 1392 682 iis,

54 701 117 753 qui
135 701 248 739 multi
267 701 386 739 vincti
404 701 573 739 virorum
592 700 748 738 fortium
768 704 1000 751 occuparent
1018 712 1162 737 manus.
1221 699 1277 737 Et
1296 711 1394 736 nunc

51 766 278 815 magnopere
299 777 502 812 censerem,
523 769 568 801 ut
585 777 699 801 unam
719 776 844 811 anum,
866 768 905 801 et
925 763 1020 800 duas
1038 762 1198 813 puellas,
1215 762 1394 799 itinerum

53 828 320 879 agminumque
358 827 641 877 impedimenta,
675 825 838 877 triginta.
873 825 1044 864 millibus
1081 825 1275 863 talentum
1311 824 1396 861 auri

52 896 258 941 permutes.
319 890 502 941 Opimum
531 903 692 940 regnum
720 889 900 940 occupari
930 901 1040 940 posse
1071 888 1302 935 conditione,
1321 900 1397 925 non

53 954 154 992 bello
170 967 178 992 ε
199 967 268 992 nec
287 967 515 1005 quemquam
534 953 652 990 alium
672 953 774 991 inter
795 952 942 990 Istrum
959 957 998 990 et
1014 951 1255 1002 Euphratem
1273 963 1397 1001 possc-

53 1017 154 1055 disse
170 1022 304 1066 terras,
320 1016 465 1067 ingenti
480 1015 604 1066 spatio
619 1015 896 1066 intervalloque
913 1015 1109 1053 discretas.
1132 1014 1398 1052 Macedoniam

52 1092 202 1131 quoque
231 1079 440 1129 respiceres
473 1078 618 1128 potitis,
638 1079 756 1129 quzim
783 1077 926 1115 Bactra.
945 1082 984 1115 et
1004 1077 1125 1115 Indos
1153 1077 1398 1131 intucrerisst’

54 1143 213 1194 Ingrata
230 1141 352 1180 oratio
372 1141 475 1192 Regi
494 1141 579 1178 fuit.
638 1139 777 1191 Itaque
796 1145 840 1178 ut
859 1140 972 1178 finem
999 1140 1150 1178 dicendi
1168 1141 1273 1188 feeit,
1304 1143 1327 1161 “
1346 1140 1400 1178 Et

54 1207 160 1258 ego,’‘
180 1205 316 1257 inquit,
338 1204 572 1255 “pecuniam
604 1205 722 1256 quam
753 1203 915 1254 gloriam
947 1203 1112 1251 mallem,
1134 1203 1168 1241 si
1196 1203 1400 1241 Parmeni0

55 1282 184 1308 essem.
240 1268 379 1306 ”Nunc
401 1267 624 1305 Alexander
668 1266 714 1304 de
743 1271 972 1317 paupertate
1005 1267 1030 1284 ¹⁰
1043 1279 1202 1304 securus
1233 1279 1328 1314 sum,
1363 1271 1402 1303 et

55 1346 114 1371 me
133 1345 208 1370 non
227 1336 478 1370 mercatorem
507 1329 664 1368 memini
684 1342 778 1378 esse,
801 1330 868 1368 sed
888 1329 1048 1381 Regem.
1107 1329 1218 1367 Nihil
1247 1329 1400 1380 quidem

56 1395 175 1434 habco
195 1394 350 1434 venale:
383 1394 452 1432 sed
471 1394 664 1432 fortunam
683 1406 807 1431 meam
826 1393 961 1444 utique}
981 1405 1057 1430 non
1078 1391 1213 1430 vendo.
1275 1392 1414 1442 Captin

56 1471 123 1497 vos
156 1459 189 1496 si
221 1458 348 1509 placet
379 1457 500 1505 reddi,
534 1457 736 1495 honestius
769 1456 868 1494 dono
902 1456 1089 1504 dabimus,
1125 1456 1242 1507 quam
1279 1455 1403 1506 pretio

56 1522 327 1560 remittemus.'’

138 1572 198 1622 4'5.
228 1583 468 1622 Introductis
488 1582 625 1620 deinde
646 1581 796 1633 legatiS,
816 1581 865 1619 ad
892 1581 991 1618 hunc
1009 1581 1162 1619 modum
1185 1581 1404 1632 respondit:

58 1650 80 1670 ‘⁶
101 1647 292 1686 Nunciate
322 1646 454 1694 Dario,
486 1658 558 1691 me,
587 1658 672 1696 quae
699 1644 852 1682 fecerim
885 1636 1089 1682 clementer
1116 1649 1155 1682 et
1182 1644 1405 1692 liberaliter,

57 1724 133 1749 non
164 1709 345 1748 amicitiae
372 1711 454 1759 ejus
484 1708 678 1756 tribuisse,
700 1707 767 1746 sed
798 1712 945 1746 naturae
971 1720 1076 1745 mcae.
1132 1707 1287 1745 Bellum
1320 1719 1407 1745 cuni

59 1773 224 1825 captivis
237 1778 277 1812 et
295 1773 463 1811 foeminis
477 1785 609 1824 gerere
620 1784 695 1809 non
707 1770 808 1809 soleo
824 1784 833 1821 ;
865 1775 1032 1808 armatus
1050 1770 1102 1808 sit
1117 1775 1278 1821 oportet,
1296 1783 1407 1821 quem

61 1837 216 1876 oderim.
273 1835 386 1882 Quod
405 1836 437 1874 si
457 1835 593 1874 saltem
610 1847 741 1885 pacem
769 1833 871 1873 bona
890 1833 963 1871 fide
981 1838 1140 1884 peteret,
1160 1833 1408 1871 deliberarem

61 1900 223 1939 forsitan
243 1912 291 1938 an
310 1899 451 1937 darem.
520 1899 546 1917 ¹¹
562 1897 715 1937 Veram
734 1897 836 1935 enim
867 1898 968 1946 vero,
988 1899 1072 1934 cum
1092 1898 1118 1915 ¹²
1133 1896 1246 1935 modo
1265 1896 1410 1935 milites

61 1976 164 2002 meos
181 1962 327 2002 litteris
345 1962 394 2000 ad
411 1961 676 2012 proditionem,
695 1960 808 1999 modo
828 1960 968 1998 amicos
987 1959 1036 1997 ad
1064 1959 1270 2010 perniciem
1288 1972 1410 1997 meam

62 2027 224 2078 pecunia¹
243 2026 437 2074 sollicitet,
457 2025 506 2062 ad
525 2024 819 2062 internecionem
837 2023 932 2061 mihi
950 2023 1229 2074 persequendus
1248 2027 1316 2072 est,
1336 2036 1411 2061 non

63 2094 108 2128 ut
122 2091 250 2139 justus
268 2089 403 2137 hostis,
424 2088 493 2126 sed
515 2091 559 2125 ut
587 2099 785 2137 percussor
804 2087 1000 2124 veneficus
1058 2085 1304 2125 Conditiones
1322 2087 1411 2124 vero

66 2152 182 2204 pacis,
200 2163 295 2202 quas
326 2150 498 2198 adfertis,
518 2149 552 2187 si
584 2161 773 2199 accepero,
792 2148 973 2187 victorem
992 2162 1078 2187 eum
1105 2148 1261 2188 faciunt.
1319 2148 1413 2194 Quae

69 2217 93 2234 ¹³
109 2219 198 2266 post
217 2214 457 2264 Euphratem
477 2217 578 2261 sunt,
601 2213 626 2230 ¹⁴
642 2212 852 2250 liberaliter
880 2211 1006 2250 donat.
1064 2213 1091 2230 ¹⁵
1106 2211 1187 2251 Ubi
1205 2212 1327 2264 igitur
1354 2225 1414 2249 mc

69 2276 237 2316 affamini
253 2276 270 2314 ’.Ρ
297 2277 434 2326 nempe
452 2275 556 2313 ultra
575 2275 809 2326 Euphratem
827 2287 919 2314 sum.
977 2275 1174 2315 Summum
1193 2278 1282 2327 ergo
1303 2275 1414 2322 dotis,

71 2354 185 2393 quam
203 2339 405 2391 promittit,
424 2338 629 2377 terminum
647 2343 772 2376 castra
789 2352 873 2376 mea
891 2343 1099 2377 transeunt.
1157 2339 1261 2376 Hinc
1280 2351 1338 2375 mc
1357 2337 1416 2375 de-

70 2403 212 2457 pellite,
233 2408 278 2440 ut
298 2402 414 2439 sciam
432 2406 601 2440 vestrum
620 2414 701 2440 esse
719 2414 793 2453 quo
813 2401 961 2440 ceditis.
1020 2401 1170 2440 Eadem
1189 2400 1418 2439 liberalitate

75 2467 139 2505 dat
174 2465 268 2504 mihi
300 2465 417 2503 filiam
454 2477 572 2514 suam,
610 2465 636 2483 ¹⁶
652 2466 786 2515 nempe
821 2478 933 2515 quam
973 2464 1051 2502 scio
1083 2463 1195 2501 alicui
1226 2476 1414 2501 servorum
