1583 2680
463 161 622 186 mnan
664 160 732 186 1v.
777 161 888 186 car.
919 160 959 184 x.
1331 149 1379 185 59

48 251 219 304 quaedam
248 251 400 290 incussa
419 258 486 291 est.
544 253 631 290 Diis
651 253 782 291 invitis
812 253 851 290 in
880 252 1036 291 ultimas
1066 257 1187 290 terras
1218 252 1319 290 trahi
1346 265 1383 289 se

47 316 310 367 querebantur.
368 316 460 354 Jam
490 329 558 354 uec
587 317 740 354 flumina
756 329 863 367 posse
891 316 1002 365 adiri,
1021 329 1090 353 nee
1118 315 1242 353 sidera
1259 315 1385 366 pristi-

47 391 136 416 num
153 384 334 429 praestare
352 380 549 431 fulgorem.
608 379 749 418 Vastas
777 384 911 428 terras,
932 379 1082 417 deserta
1111 379 1236 416 omnia
1263 392 1385 416 occur-

46 454 152 480 rere:
183 442 250 479 ⁴in
281 443 394 480 unius
426 442 591 480 hominis
619 442 867 493 jactationem
894 447 952 480 tet
979 442 1141 479 millium
1168 442 1387 493 sanguinem

46 505 238 556 impendi:
266 505 424 544 fastidio
454 519 534 544 esse
563 506 739 556 patriam,
771 505 940 544 abdicari
970 505 1195 556 Philippum
1230 510 1386 556 patrem,

47 568 180 606 eoelum
198 569 305 607 vanis
336 570 629 620 cogitationibus
659 570 748 620 peti.
805 569 897 608 Jam
928 581 1044 620 prope
1076 568 1300 607 seditionem
1328 581 1387 605 res

49 637 138 680 erat,
167 634 256 670 cum
287 632 336 670 ad
368 633 493 670 omnia
524 633 731 681 interritus,
763 633 887 681 duces,
920 632 1180 683 principesque
1210 631 1387 680 militum,

46 695 260 746 frequentes
287 696 420 733 adesse
447 696 650 746 praetorio3
682 695 963 747 AEgyptiosque
982 700 1089 734 vates
1108 708 1201 746 quos
1232 695 1318 732 coeli
1343 707 1388 731 ac

45 758 210 796 siderum
255 759 507 809 peritissimos
554 772 635 797 esse
671 759 858 808 credebat,
895 759 987 810 quid
1029 759 1223 807 sentirent,
1260 770 1388 808 expro-

45 834 144 859 mere
171 822 290 871 jubet.
346 822 403 860 At
432 822 502 870 illi,
523 823 587 873 qui
616 822 708 860 satis
738 822 890 870 scirent,
921 822 1158 872 ‘temporum
1185 821 1294 859 orbes
1321 821 1389 858 im-

44 885 146 934 plere
180 885 387 923 destinatas
416 885 528 934 vices,
564 885 786 936 Lunamque
823 885 992 933 deficere,
1020 886 1110 922 cnm
1147 889 1213 921 aut
1248 889 1389 922 terram

46 948 202 996 subiret,
222 953 288 985 aut
309 948 396 987 Sole
419 953 667 998 premeretur,
687 949 875 986 rationem
893 948 1046 1000 quidem
1065 947 1158 998 ipsis
1176 952 1389 998 perceptam

44 1024 119 1048 non
149 1011 333 1049 “edocent
361 1011 522 1062 vulgus3
553 1013 734 1049 eaeterl'lm
765 1012 962 1060 affirmant,
994 1010 1122 1050 Solem
1157 1010 1390 1058 Graecorum,

46 1074 193 1112 Lunam
211 1086 293 1112 esse
321 1074 548 1123 Persarum;
579 1074 729 1125 quoties
758 1073 825 1111 illa
854 1074 1012 1122 deficiat,
1032 1074 1182 1112 ruinam
1212 1079 1386 1125 stragem-

44 1148 118 1186 que
151 1136 229 1173 illis
256 1135 435 1187 gentibus
463 1135 648 1186 portendi.
707 1134 925 1186 Veteraque
962 1135 1136 1186 exempla
1170 1141 1392 1186 percensent

46 1199 221 1238 Persidis
253 1199 417 1251 Regum,
450 1211 546 1250 quos
578 1199 748 1238 adversis
780 1199 867 1238 Diis
895 1201 1084 1251 pugnasse
1115 1198 1236 1237 Lunae
1272 1204 1392 1237 osten-

46 1263 166 1301 disset
204 1262 378 1301 defectio.
453 1261 576 1301 Nulla.
619 1276 681 1301 res
725 1261 915 1301 efficacius
959 1261 1246 1300 multitudinem
1281 1262 1392 1314 regit,

45 1327 159 1377 quam
195 1325 442 1377 superstitio:
489 1325 634 1377 alioqui
668 1326 892 1377 ⁷impoten3,
931 1338 1044 1375 saeva,
1079 1325 1290 1374 mutabilis,
1327 1326 1393 1364 ubi

45 1391 145 1427 vana
176 1388 359 1440 religione
388 1393 499 1439 capta
529 1393 598 1438 est,
625 1389 766 1427 melias
792 1389 957 1438 vatibus,
985 1389 1101 1440 quam
1129 1389 1287 1427 ducibus
1316 1389 1394 1426 suis

46 1457 165 1502 paret.
221 1451 348 1503 Igitur
367 1452 470 1490 edita
497 1451 539 1489 in
557 1452 695 1504 vulgus
708 1452 982 1504 AEgyptiorum
1000 1464 1180 1503 responsa
1198 1453 1332 1490 rursns
1346 1451 1395 1489 ad

49 1527 152 1565 spem
170 1519 209 1552 et
226 1515 402 1553 fiduciam
421 1518 577 1554 erexere
596 1519 800 1566 torpentes.

129 1578 190 1615 40.
219 1577 305 1615 Rex
325 1577 470 1627 impetu
488 1577 702 1616 animorum
728 1577 1058 1626 utendumratus,
1079 1578 1242 1616 secunda
1260 1578 1396 1630 vigilia¹

48 1644 175 1678 castra
193 1640 325 1677 movit.
382 1639 394 1657 ⁸
409 1639 555 1677 Dextra
584 1639 732 1691 Tigrim
760 1639 937 1688 habebat,
957 1653 980 1677 a
997 1639 1097 1678 laeva
1115 1645 1273 1689 montes,
1301 1653 1396 1691 quos

58 1702 244 1741 Gordceos
273 1706 419 1740 vocant.
477 1701 564 1739 Hoc
593 1702 762 1754 ingresso
792 1702 878 1750 iter,
910 1702 1172 1753 speculatores,
1209 1702 1276 1753 qui
1302 1716 1396 1753 prae-

48 1764 157 1819 miaei
176 1768 298 1813 erant,
318 1764 389 1802 sub
418 1764 513 1802 lucis
533 1768 667 1813 ortum,
687 1764 848 1803 Darium
875 1764 1080 1803 adventare
1108 1764 1393 1803 nunciaverunt.

50 1824 244 1865 Instructo
263 1827 382 1879 igitur
400 1827 536 1876 milite,
557 1831 596 1865 et
613 1827 822 1878 composito
841 1827 988 1879 agmine
1007 1827 1265 1865 antecedebat.
1322 1827 1396 1866 Sed

54 1890 254 1929 Persarum
282 1890 538 1941 exploratores
566 1895 673 1929 erant
699 1891 806 1928 mille
833 1891 966 1939 ferme,
996 1891 1063 1942 qui
1090 1890 1251 1941 speciem
1269 1890 1397 1942 magni

51 1951 214 2004 agminis
242 1952 434 2002 fecerant;
474 1953 615 2004 quippe
651 1952 718 1990 ubi
756 1953 947 2003 explorari
983 1965 1073 1991 vera
1107 1965 1183 1991 non
1226 1957 1396 2004 possunt,

49 2014 150 2052 falsa
175 2027 245 2064 per
280 2019 425 2052 metum
457 2020 651 2066 augentur.
708 2014 785 2052 His
817 2014 992 2066 cognitis,
1029 2014 1118 2053 Rex
1148 2027 1234 2053 eum
1267 2015 1396 2066 paucis

52 2089 207 2114 suorum
237 2082 429 2115 assecutus
461 2089 598 2128 agmen
627 2077 896 2127 refugientium
924 2077 974 2115 ad
1004 2089 1104 2126 suos,
1124 2077 1221 2115 alios
1247 2077 1394 2126 cecidit,

52 2139 147 2176 alios
175 2139 294 2188 cepit;
324 2140 543 2190 equitesque
572 2139 756 2189 praemisit
784 2139 1029 2190 speculatum,
1049 2140 1160 2179 simul
1185 2143 1230 2178 ut
1255 2140 1395 2192 ignem,

53 2214 124 2252 quo
143 2201 307 2240 Barbari
327 2206 582 2240 cremaverant
598 2202 711 2251 vicos,
727 2202 1017 2254 extinguerent3
1046 2203 1184 2255 quippe
1203 2203 1396 2255 fugientes

53 2266 194 2315 raptim
229 2264 342 2302 tectis
376 2265 594 2316 acervisque
630 2265 812 2304 frumenti
850 2266 1060 2317 injecerant
1094 2267 1275 2315 flammas,
1311 2280 1396 2317 quae

54 2330 142 2365 cnm
162 2328 201 2365 in
220 2339 363 2366 summo
393 2327 604 2378 haesissent,
625 2328 673 2366 ad
699 2329 880 2368 inferiora
898 2329 1067 2368 nondam
1091 2334 1391 2381 penetraverant.

55 2390 238 2430 Extincto
257 2390 377 2442 igitur
406 2390 504 2442 igne,
523 2391 732 2442 plurimum
761 2392 946 2431 frumenti
963 2397 1156 2445 repertum
1176 2397 1254 2441 est3
1284 2392 1394 2441 copia

53 2453 212 2493 aliarum
230 2466 377 2506 quoque
395 2466 522 2492 rerum
540 2454 733 2494 abundare
752 2461 954 2507 coeperunt.
1023 2455 1083 2494 Ea
1101 2468 1162 2494 res
1182 2455 1262 2504 ipsa
1280 2454 1393 2493 militi
