<?xml version="1.0" encoding="UTF-8"?>
<!DOCTYPE html PUBLIC "-//W3C//DTD XHTML 1.0 Transitional//EN"
    "http://www.w3.org/TR/xhtml1/DTD/xhtml1-transitional.dtd">
<html xmlns="http://www.w3.org/1999/xhtml" xml:lang="en" lang="en">
 <head>
  <title>
</title>
<meta http-equiv="Content-Type" content="text/html;charset=utf-8" />
  <meta name='ocr-system' content='tesseract 3.04.00' />
  <meta name='ocr-capabilities' content='ocr_page ocr_carea ocr_par ocr_line ocrx_word'/>
</head>
<body>
  <div class='ocr_page' id='page_1' title='image "./lifeexploitsofal00curtuoft/lifeexploitsofal00curtuoft_0151.png"; bbox 0 0 1583 2680; ppageno 0'>
   <div class='ocr_carea' id='block_1_1' title="bbox 488 143 1408 183">
    <p class='ocr_par' dir='ltr' id='par_1_1' title="bbox 488 143 1408 183">
     <span class='ocr_line' id='line_1_1' title="bbox 488 143 1408 183; baseline -0.001 -2"><span class='ocrx_word' id='word_1_1' title='bbox 488 155 650 183; x_wconf 64' lang='lat' dir='ltr'><strong>amur„</strong></span> <span class='ocrx_word' id='word_1_2' title='bbox 687 157 780 183; x_wconf 84' lang='lat' dir='ltr'><strong>VII.</strong></span> <span class='ocrx_word' id='word_1_3' title='bbox 821 157 932 182; x_wconf 72' lang='lat' dir='ltr'><strong>car.</strong></span> <span class='ocrx_word' id='word_1_4' title='bbox 972 156 1000 181; x_wconf 91' lang='lat'><strong>1.</strong></span> <span class='ocrx_word' id='word_1_5' title='bbox 1342 143 1408 180; x_wconf 81' lang='lat'><strong>141</strong></span> 
     </span>
    </p>
   </div>
   <div class='ocr_carea' id='block_1_2' title="bbox 554 378 932 418">
    <p class='ocr_par' dir='ltr' id='par_1_2' title="bbox 554 378 932 418">
     <span class='ocr_line' id='line_1_2' title="bbox 554 378 932 418; baseline 0 0"><span class='ocrx_word' id='word_1_6' title='bbox 554 379 770 418; x_wconf 88' lang='lat' dir='ltr'>LIBER</span> <span class='ocrx_word' id='word_1_7' title='bbox 806 378 932 418; x_wconf 90' lang='lat' dir='ltr'><strong>VII.</strong></span> 
     </span>
    </p>
   </div>
   <div class='ocr_carea' id='block_1_3' title="bbox 624 504 856 527">
    <p class='ocr_par' dir='ltr' id='par_1_3' title="bbox 624 504 856 527">
     <span class='ocr_line' id='line_1_3' title="bbox 624 504 856 527; baseline -0.004 0"><span class='ocrx_word' id='word_1_8' title='bbox 624 504 856 527; x_wconf 63' lang='lat' dir='ltr'><strong>mammam</strong></span> 
     </span>
    </p>
   </div>
   <div class='ocr_carea' id='block_1_4' title="bbox 72 586 1416 1049">
    <p class='ocr_par' dir='ltr' id='par_1_4' title="bbox 72 586 1410 664">
     <span class='ocr_line' id='line_1_4' title="bbox 121 586 1410 621; baseline -0.002 -7"><span class='ocrx_word' id='word_1_9' title='bbox 121 588 145 615; x_wconf 86' lang='lat'><strong>1.</strong></span> <span class='ocrx_word' id='word_1_10' title='bbox 163 587 323 614; x_wconf 79' lang='lat' dir='ltr'><strong>Alexander</strong></span> <span class='ocrx_word' id='word_1_11' title='bbox 342 588 512 621; x_wconf 76' lang='lat' dir='ltr'><strong>Lyncestem</strong></span> <span class='ocrx_word' id='word_1_12' title='bbox 529 589 682 621; x_wconf 65' lang='lat' dir='ltr'><strong>majestatis</strong></span> <span class='ocrx_word' id='word_1_13' title='bbox 701 596 782 615; x_wconf 87' lang='lat' dir='ltr'><strong>reum</strong></span> <span class='ocrx_word' id='word_1_14' title='bbox 804 587 921 614; x_wconf 83' lang='lat' dir='ltr'><strong>interfici</strong></span> <span class='ocrx_word' id='word_1_15' title='bbox 944 587 1028 614; x_wconf 73' lang='lat' dir='ltr'><strong>curat.</strong></span> <span class='ocrx_word' id='word_1_16' title='bbox 1073 586 1182 613; x_wconf 73' lang='lat' dir='ltr'><strong>Deinde</strong></span> <span class='ocrx_word' id='word_1_17' title='bbox 1205 587 1234 612; x_wconf 90' lang='lat' dir='ltr'><strong>in</strong></span> <span class='ocrx_word' id='word_1_18' title='bbox 1257 586 1410 618; x_wconf 81' lang='lat' dir='ltr'><strong>Amyntam</strong></span> 
     </span>
     <span class='ocr_line' id='line_1_5' title="bbox 72 630 1346 664; baseline -0.002 -7"><span class='ocrx_word' id='word_1_19' title='bbox 72 632 101 657; x_wconf 87' lang='lat' dir='ltr'><strong>et</strong></span> <span class='ocrx_word' id='word_1_20' title='bbox 114 631 262 657; x_wconf 76' lang='lat' dir='ltr'><strong>Simmiam</strong></span> <span class='ocrx_word' id='word_1_21' title='bbox 275 631 394 657; x_wconf 85' lang='lat' dir='ltr'><strong>Philotae</strong></span> <span class='ocrx_word' id='word_1_22' title='bbox 406 633 510 658; x_wconf 82' lang='lat' dir='ltr'><strong>amicos</strong></span> <span class='ocrx_word' id='word_1_23' title='bbox 521 633 644 664; x_wconf 84' lang='lat' dir='ltr'>inquirit,</span> <span class='ocrx_word' id='word_1_24' title='bbox 653 633 793 664; x_wconf 79' lang='lat' dir='ltr'><strong>quisnam</strong></span> <span class='ocrx_word' id='word_1_25' title='bbox 806 631 993 657; x_wconf 72' lang='lat' dir='ltr'><strong>innocentiam</strong></span> <span class='ocrx_word' id='word_1_26' title='bbox 1005 630 1083 664; x_wconf 84' lang='lat' dir='ltr'><strong>gravi</strong></span> <span class='ocrx_word' id='word_1_27' title='bbox 1094 630 1215 656; x_wconf 87' lang='lat' dir='ltr'><strong>oratione</strong></span> <span class='ocrx_word' id='word_1_28' title='bbox 1226 630 1346 655; x_wconf 80' lang='lat' dir='ltr'><strong>tuentur.</strong></span> 
     </span>
    </p>

    <p class='ocr_par' dir='ltr' id='par_1_5' title="bbox 72 672 1412 792">
     <span class='ocr_line' id='line_1_6' title="bbox 121 672 1412 707; baseline -0.002 -7"><span class='ocrx_word' id='word_1_29' title='bbox 121 674 144 700; x_wconf 84' lang='lat'><strong>2.</strong></span> <span class='ocrx_word' id='word_1_30' title='bbox 163 674 290 706; x_wconf 70' lang='lat' dir='ltr'><strong>Amynta</strong></span> <span class='ocrx_word' id='word_1_31' title='bbox 308 676 338 700; x_wconf 84' lang='lat' dir='ltr'><strong>et</strong></span> <span class='ocrx_word' id='word_1_32' title='bbox 356 674 487 700; x_wconf 79' lang='lat' dir='ltr'><strong>fratribus</strong></span> <span class='ocrx_word' id='word_1_33' title='bbox 505 675 534 700; x_wconf 91' lang='lat' dir='ltr'><strong>in</strong></span> <span class='ocrx_word' id='word_1_34' title='bbox 554 675 670 706; x_wconf 85' lang='lat' dir='ltr'><strong>gratiam</strong></span> <span class='ocrx_word' id='word_1_35' title='bbox 688 675 816 707; x_wconf 79' lang='lat' dir='ltr'><strong>receptis,</strong></span> <span class='ocrx_word' id='word_1_36' title='bbox 829 673 996 706; x_wconf 76' lang='lat' dir='ltr'><strong>Polydamas</strong></span> <span class='ocrx_word' id='word_1_37' title='bbox 1007 681 1024 699; x_wconf 85' lang='lat' dir='ltr'><strong>a</strong></span> <span class='ocrx_word' id='word_1_38' title='bbox 1035 673 1111 706; x_wconf 81' lang='lat' dir='ltr'><strong>Rege</strong></span> <span class='ocrx_word' id='word_1_39' title='bbox 1127 673 1227 705; x_wconf 76' lang='lat' dir='ltr'><strong>jussuS,</strong></span> <span class='ocrx_word' id='word_1_40' title='bbox 1239 673 1269 698; x_wconf 88' lang='lat' dir='ltr'><strong>iu</strong></span> <span class='ocrx_word' id='word_1_41' title='bbox 1290 672 1412 698; x_wconf 81' lang='lat' dir='ltr'><strong>Mediam</strong></span> 
     </span>
     <span class='ocr_line' id='line_1_7' title="bbox 72 717 1412 750; baseline -0.001 -8"><span class='ocrx_word' id='word_1_42' title='bbox 72 717 197 743; x_wconf 71' lang='lat' dir='ltr'><strong>celeriter</strong></span> <span class='ocrx_word' id='word_1_43' title='bbox 209 717 355 750; x_wconf 79' lang='lat' dir='ltr'><strong>profectus,</strong></span> <span class='ocrx_word' id='word_1_44' title='bbox 368 717 581 744; x_wconf 81' lang='lat' dir='ltr'><strong>Parmenionem</strong></span> <span class='ocrx_word' id='word_1_45' title='bbox 594 717 712 744; x_wconf 80' lang='lat' dir='ltr'><strong>interfici</strong></span> <span class='ocrx_word' id='word_1_46' title='bbox 731 720 815 744; x_wconf 82' lang='lat' dir='ltr'><strong>curat.</strong></span> <span class='ocrx_word' id='word_1_47' title='bbox 859 717 942 744; x_wconf 69' lang='lat' dir='ltr'><strong>Unde</strong></span> <span class='ocrx_word' id='word_1_48' title='bbox 959 717 1112 750; x_wconf 76' lang='lat' dir='ltr'><strong>indignatio</strong></span> <span class='ocrx_word' id='word_1_49' title='bbox 1123 718 1151 742; x_wconf 87' lang='lat' dir='ltr'><strong>et</strong></span> <span class='ocrx_word' id='word_1_50' title='bbox 1161 717 1266 748; x_wconf 82' lang='lat' dir='ltr'><strong>seditio,</strong></span> <span class='ocrx_word' id='word_1_51' title='bbox 1279 723 1341 749; x_wconf 75' lang='lat' dir='ltr'><strong>qum</strong></span> <span class='ocrx_word' id='word_1_52' title='bbox 1352 718 1412 741; x_wconf 82' lang='lat' dir='ltr'><strong>tan-</strong></span> 
     </span>
     <span class='ocr_line' id='line_1_8' title="bbox 72 760 328 792; baseline 0.004 -7"><span class='ocrx_word' id='word_1_53' title='bbox 72 760 137 786; x_wconf 86' lang='lat' dir='ltr'><strong>dem</strong></span> <span class='ocrx_word' id='word_1_54' title='bbox 150 761 328 792; x_wconf 81' lang='lat' dir='ltr'><strong>extinguitur.</strong></span> 
     </span>
    </p>

    <p class='ocr_par' dir='ltr' id='par_1_6' title="bbox 74 802 1409 879">
     <span class='ocr_line' id='line_1_9' title="bbox 121 802 1409 837; baseline 0 -9"><span class='ocrx_word' id='word_1_55' title='bbox 121 803 145 828; x_wconf 79' lang='lat'><strong>3.</strong></span> <span class='ocrx_word' id='word_1_56' title='bbox 165 803 264 829; x_wconf 77' lang='lat' dir='ltr'><strong>Varios</strong></span> <span class='ocrx_word' id='word_1_57' title='bbox 275 803 391 836; x_wconf 87' lang='lat' dir='ltr'><strong>populos</strong></span> <span class='ocrx_word' id='word_1_58' title='bbox 402 803 454 830; x_wconf 88' lang='lat' dir='ltr'><strong>sub</strong></span> <span class='ocrx_word' id='word_1_59' title='bbox 467 804 568 837; x_wconf 82' lang='lat' dir='ltr'><strong>jugum</strong></span> <span class='ocrx_word' id='word_1_60' title='bbox 580 805 665 830; x_wconf 88' lang='lat' dir='ltr'><strong>mittit</strong></span> <span class='ocrx_word' id='word_1_61' title='bbox 681 803 848 836; x_wconf 82' lang='lat' dir='ltr'><strong>Alexander,</strong></span> <span class='ocrx_word' id='word_1_62' title='bbox 860 811 892 830; x_wconf 85' lang='lat' dir='ltr'><strong>ac</strong></span> <span class='ocrx_word' id='word_1_63' title='bbox 911 803 1109 836; x_wconf 83' lang='lat' dir='ltr'><strong>septemdecim</strong></span> <span class='ocrx_word' id='word_1_64' title='bbox 1128 802 1227 829; x_wconf 86' lang='lat' dir='ltr'><strong>diebus</strong></span> <span class='ocrx_word' id='word_1_65' title='bbox 1246 809 1312 829; x_wconf 90' lang='lat' dir='ltr'><strong>cum</strong></span> <span class='ocrx_word' id='word_1_66' title='bbox 1331 810 1409 828; x_wconf 86' lang='lat' dir='ltr'><strong>exer-</strong></span> 
     </span>
     <span class='ocr_line' id='line_1_10' title="bbox 74 845 429 879; baseline 0.006 -8"><span class='ocrx_word' id='word_1_67' title='bbox 74 846 134 871; x_wconf 87' lang='lat' dir='ltr'><strong>citu</strong></span> <span class='ocrx_word' id='word_1_68' title='bbox 147 845 300 872; x_wconf 79' lang='lat' dir='ltr'><strong>Caucasum</strong></span> <span class='ocrx_word' id='word_1_69' title='bbox 312 849 429 879; x_wconf 81' lang='lat' dir='ltr'><strong>superat.</strong></span> 
     </span>
    </p>

    <p class='ocr_par' dir='ltr' id='par_1_7' title="bbox 72 887 1416 1008">
     <span class='ocr_line' id='line_1_11' title="bbox 122 887 1416 922; baseline -0.001 -8"><span class='ocrx_word' id='word_1_70' title='bbox 122 890 146 914; x_wconf 79' lang='lat'><strong>4.</strong></span> <span class='ocrx_word' id='word_1_71' title='bbox 165 889 266 914; x_wconf 82' lang='lat' dir='ltr'><strong>Bessus</strong></span> <span class='ocrx_word' id='word_1_72' title='bbox 277 889 312 915; x_wconf 84' lang='lat' dir='ltr'><strong>‹le</strong></span> <span class='ocrx_word' id='word_1_73' title='bbox 324 889 397 915; x_wconf 89' lang='lat' dir='ltr'><strong>bello</strong></span> <span class='ocrx_word' id='word_1_74' title='bbox 409 890 543 916; x_wconf 82' lang='lat' dir='ltr'><strong>adversus</strong></span> <span class='ocrx_word' id='word_1_75' title='bbox 555 890 754 921; x_wconf 81' lang='lat' dir='ltr'><strong>Alexandrum,</strong></span> <span class='ocrx_word' id='word_1_76' title='bbox 766 890 840 915; x_wconf 88' lang='lat' dir='ltr'><strong>inter</strong></span> <span class='ocrx_word' id='word_1_77' title='bbox 851 889 952 922; x_wconf 82' lang='lat' dir='ltr'><strong>epulas,</strong></span> <span class='ocrx_word' id='word_1_78' title='bbox 965 888 1108 919; x_wconf 80' lang='lat' dir='ltr'><strong>consultat,</strong></span> <span class='ocrx_word' id='word_1_79' title='bbox 1120 888 1291 920; x_wconf 79' lang='lat' dir='ltr'><strong>sapientique</strong></span> <span class='ocrx_word' id='word_1_80' title='bbox 1303 887 1416 914; x_wconf 88' lang='lat' dir='ltr'><strong>Cobaris</strong></span> 
     </span>
     <span class='ocr_line' id='line_1_12' title="bbox 72 931 1416 965; baseline 0 -8"><span class='ocrx_word' id='word_1_81' title='bbox 72 933 186 958; x_wconf 86' lang='lat' dir='ltr'><strong>consilio</strong></span> <span class='ocrx_word' id='word_1_82' title='bbox 206 933 325 958; x_wconf 71' lang='lat' dir='ltr'><strong>minime</strong></span> <span class='ocrx_word' id='word_1_83' title='bbox 344 934 499 965; x_wconf 78' lang='lat' dir='ltr'><strong>acquiescit.</strong></span> <span class='ocrx_word' id='word_1_84' title='bbox 534 933 652 959; x_wconf 84' lang='lat' dir='ltr'><strong>Interim</strong></span> <span class='ocrx_word' id='word_1_85' title='bbox 672 933 735 958; x_wconf 85' lang='lat' dir='ltr'><strong>Rex</strong></span> <span class='ocrx_word' id='word_1_86' title='bbox 755 933 856 959; x_wconf 80' lang='lat' dir='ltr'><strong>Bactra</strong></span> <span class='ocrx_word' id='word_1_87' title='bbox 872 932 1006 965; x_wconf 86' lang='lat' dir='ltr'><strong>pervenit,</strong></span> <span class='ocrx_word' id='word_1_88' title='bbox 1018 931 1068 958; x_wconf 90' lang='lat' dir='ltr'><strong>nbi</strong></span> <span class='ocrx_word' id='word_1_89' title='bbox 1088 931 1123 958; x_wconf 85' lang='lat' dir='ltr'><strong>de</strong></span> <span class='ocrx_word' id='word_1_90' title='bbox 1141 931 1305 958; x_wconf 64' lang='lat' dir='ltr'><strong>Graecorum</strong></span> <span class='ocrx_word' id='word_1_91' title='bbox 1324 931 1416 958; x_wconf 65' lang='lat' dir='ltr'><strong>desec-</strong></span> 
     </span>
     <span class='ocr_line' id='line_1_13' title="bbox 73 975 1041 1008; baseline 0 -8"><span class='ocrx_word' id='word_1_92' title='bbox 73 976 148 1001; x_wconf 82' lang='lat' dir='ltr'><strong>tione</strong></span> <span class='ocrx_word' id='word_1_93' title='bbox 161 977 189 1001; x_wconf 86' lang='lat' dir='ltr'><strong>et</strong></span> <span class='ocrx_word' id='word_1_94' title='bbox 200 975 375 1001; x_wconf 81' lang='lat' dir='ltr'><strong>Sntibarzane</strong></span> <span class='ocrx_word' id='word_1_95' title='bbox 386 976 518 1008; x_wconf 80' lang='lat' dir='ltr'><strong>singulari</strong></span> <span class='ocrx_word' id='word_1_96' title='bbox 531 977 680 1002; x_wconf 83' lang='lat' dir='ltr'><strong>certamine</strong></span> <span class='ocrx_word' id='word_1_97' title='bbox 692 976 782 1001; x_wconf 81' lang='lat' dir='ltr'><strong>occiso</strong></span> <span class='ocrx_word' id='word_1_98' title='bbox 794 976 907 1001; x_wconf 76' lang='lat' dir='ltr'><strong>advenit</strong></span> <span class='ocrx_word' id='word_1_99' title='bbox 917 976 1041 1001; x_wconf 87' lang='lat' dir='ltr'><strong>nuncius.</strong></span> 
     </span>
    </p>

    <p class='ocr_par' dir='ltr' id='par_1_8' title="bbox 126 1016 1416 1049">
     <span class='ocr_line' id='line_1_14' title="bbox 126 1016 1416 1049; baseline -0.001 -6"><span class='ocrx_word' id='word_1_100' title='bbox 126 1017 150 1043; x_wconf 89' lang='lat'><strong>5.</strong></span> <span class='ocrx_word' id='word_1_101' title='bbox 168 1017 315 1044; x_wconf 83' lang='lat' dir='ltr'><strong>Exercitus</strong></span> <span class='ocrx_word' id='word_1_102' title='bbox 338 1017 488 1043; x_wconf 79' lang='lat' dir='ltr'><strong>Alexandri</strong></span> <span class='ocrx_word' id='word_1_103' title='bbox 517 1019 561 1043; x_wconf 86' lang='lat' dir='ltr'><strong>siti</strong></span> <span class='ocrx_word' id='word_1_104' title='bbox 586 1017 718 1044; x_wconf 86' lang='lat' dir='ltr'><strong>liberatus</strong></span> <span class='ocrx_word' id='word_1_105' title='bbox 743 1017 836 1043; x_wconf 91' lang='lat' dir='ltr'><strong>Oxum</strong></span> <span class='ocrx_word' id='word_1_106' title='bbox 865 1024 977 1042; x_wconf 86' lang='lat' dir='ltr'><strong>amnem</strong></span> <span class='ocrx_word' id='word_1_107' title='bbox 1006 1017 1143 1042; x_wconf 81' lang='lat' dir='ltr'><strong>industrie</strong></span> <span class='ocrx_word' id='word_1_108' title='bbox 1171 1017 1281 1049; x_wconf 54' lang='lat' dir='ltr'><strong>trajicit.</strong></span> <span class='ocrx_word' id='word_1_109' title='bbox 1316 1016 1416 1042; x_wconf 60' lang='lat' dir='ltr'><strong>Beaeus</strong></span> 
     </span>
    </p>
   </div>
   <div class='ocr_carea' id='block_1_5' title="bbox 71 1059 1416 1129">
    <p class='ocr_par' dir='ltr' id='par_1_9' title="bbox 71 1059 1416 1129">
     <span class='ocr_line' id='line_1_15' title="bbox 72 1059 1416 1093; baseline 0 -8"><span class='ocrx_word' id='word_1_110' title='bbox 72 1059 135 1085; x_wconf 88' lang='lat' dir='ltr'><strong>dolo</strong></span> <span class='ocrx_word' id='word_1_111' title='bbox 155 1062 252 1093; x_wconf 80' lang='lat' dir='ltr'><strong>captus</strong></span> <span class='ocrx_word' id='word_1_112' title='bbox 270 1061 306 1086; x_wconf 86' lang='lat' dir='ltr'><strong>ad</strong></span> <span class='ocrx_word' id='word_1_113' title='bbox 324 1059 516 1086; x_wconf 79' lang='lat' dir='ltr'><strong>Alexandrum</strong></span> <span class='ocrx_word' id='word_1_114' title='bbox 538 1060 690 1092; x_wconf 81' lang='lat' dir='ltr'><strong>adducitur,</strong></span> <span class='ocrx_word' id='word_1_115' title='bbox 712 1067 728 1086; x_wconf 86' lang='lat' dir='ltr'><strong>a</strong></span> <span class='ocrx_word' id='word_1_116' title='bbox 748 1067 803 1093; x_wconf 92' lang='lat' dir='ltr'><strong>quo</strong></span> <span class='ocrx_word' id='word_1_117' title='bbox 825 1059 905 1086; x_wconf 85' lang='lat' dir='ltr'><strong>Darii</strong></span> <span class='ocrx_word' id='word_1_118' title='bbox 926 1059 1005 1085; x_wconf 72' lang='lat' dir='ltr'><strong>nutri</strong></span> <span class='ocrx_word' id='word_1_119' title='bbox 1023 1059 1122 1085; x_wconf 85' lang='lat' dir='ltr'><strong>Oxatri</strong></span> <span class='ocrx_word' id='word_1_120' title='bbox 1143 1059 1343 1092; x_wconf 81' lang='lat' dir='ltr'><strong>crucifigendus</strong></span> <span class='ocrx_word' id='word_1_121' title='bbox 1362 1061 1416 1085; x_wconf 80' lang='lat' dir='ltr'><strong>tra-</strong></span> 
     </span>
     <span class='ocr_line' id='line_1_16' title="bbox 71 1103 153 1129; baseline 0 -1"><span class='ocrx_word' id='word_1_122' title='bbox 71 1103 153 1129; x_wconf 86' lang='lat' dir='ltr'><strong>ditur.</strong></span> 
     </span>
    </p>
   </div>
   <div class='ocr_carea' id='block_1_6' title="bbox 72 1144 1417 1741">
    <p class='ocr_par' dir='ltr' id='par_1_10' title="bbox 72 1144 1415 1221">
     <span class='ocr_line' id='line_1_17' title="bbox 121 1144 1415 1177; baseline -0.002 -6"><span class='ocrx_word' id='word_1_123' title='bbox 121 1145 144 1172; x_wconf 82' lang='lat'><strong>6.</strong></span> <span class='ocrx_word' id='word_1_124' title='bbox 162 1145 349 1172; x_wconf 75' lang='lat' dir='ltr'><strong>Bar-batorum</strong></span> <span class='ocrx_word' id='word_1_125' title='bbox 362 1146 391 1171; x_wconf 90' lang='lat' dir='ltr'><strong>ct</strong></span> <span class='ocrx_word' id='word_1_126' title='bbox 402 1145 588 1171; x_wconf 83' lang='lat' dir='ltr'><strong>Macedonum</strong></span> <span class='ocrx_word' id='word_1_127' title='bbox 600 1144 794 1171; x_wconf 70' lang='lat' dir='ltr'><strong>benevolentia</strong></span> <span class='ocrx_word' id='word_1_128' title='bbox 805 1145 895 1170; x_wconf 72' lang='lat' dir='ltr'><strong>varias</strong></span> <span class='ocrx_word' id='word_1_129' title='bbox 907 1145 1048 1177; x_wconf 81' lang='lat' dir='ltr'><strong>expugnat</strong></span> <span class='ocrx_word' id='word_1_130' title='bbox 1065 1144 1155 1170; x_wconf 73' lang='lat' dir='ltr'><strong>urbes</strong></span> <span class='ocrx_word' id='word_1_131' title='bbox 1190 1144 1243 1170; x_wconf 85' lang='lat' dir='ltr'><strong>Sed</strong></span> <span class='ocrx_word' id='word_1_132' title='bbox 1256 1146 1284 1170; x_wconf 83' lang='lat' dir='ltr'><strong>ct</strong></span> <span class='ocrx_word' id='word_1_133' title='bbox 1296 1144 1415 1170; x_wconf 82' lang='lat' dir='ltr'><strong>Alexan-</strong></span> 
     </span>
     <span class='ocr_line' id='line_1_18' title="bbox 72 1187 1189 1221; baseline -0.003 -6"><span class='ocrx_word' id='word_1_134' title='bbox 72 1189 161 1215; x_wconf 87' lang='lat' dir='ltr'><strong>driam</strong></span> <span class='ocrx_word' id='word_1_135' title='bbox 173 1188 208 1215; x_wconf 81' lang='lat' dir='ltr'><strong>ad</strong></span> <span class='ocrx_word' id='word_1_136' title='bbox 218 1188 335 1214; x_wconf 79' lang='lat' dir='ltr'><strong>Tanaim</strong></span> <span class='ocrx_word' id='word_1_137' title='bbox 347 1189 442 1214; x_wconf 90' lang='lat' dir='ltr'><strong>condit</strong></span> <span class='ocrx_word' id='word_1_138' title='bbox 453 1195 573 1219; x_wconf 85' lang='lat' dir='ltr'><strong>amnem,</strong></span> <span class='ocrx_word' id='word_1_139' title='bbox 586 1188 805 1221; x_wconf 78' lang='lat' dir='ltr'><strong>brevissimoque</strong></span> <span class='ocrx_word' id='word_1_140' title='bbox 817 1188 951 1220; x_wconf 87' lang='lat' dir='ltr'><strong>temporis</strong></span> <span class='ocrx_word' id='word_1_141' title='bbox 962 1187 1082 1213; x_wconf 78' lang='lat' dir='ltr'><strong>absolvit</strong></span> <span class='ocrx_word' id='word_1_142' title='bbox 1093 1187 1189 1219; x_wconf 86' lang='lat' dir='ltr'><strong>spatio.</strong></span> 
     </span>
    </p>

    <p class='ocr_par' dir='ltr' id='par_1_11' title="bbox 73 1229 1417 1395">
     <span class='ocr_line' id='line_1_19' title="bbox 121 1229 1415 1263; baseline -0.001 -6"><span class='ocrx_word' id='word_1_143' title='bbox 121 1231 145 1258; x_wconf 81' lang='grc'><strong>7.</strong></span> <span class='ocrx_word' id='word_1_144' title='bbox 163 1231 208 1257; x_wconf 85' lang='lat' dir='ltr'><strong>De</strong></span> <span class='ocrx_word' id='word_1_145' title='bbox 219 1231 298 1257; x_wconf 88' lang='lat' dir='ltr'><strong>Bello</strong></span> <span class='ocrx_word' id='word_1_146' title='bbox 310 1231 421 1262; x_wconf 74' lang='lat' dir='ltr'><strong>Scythis</strong></span> <span class='ocrx_word' id='word_1_147' title='bbox 438 1231 581 1257; x_wconf 80' lang='lat' dir='ltr'><strong>inferendo</strong></span> <span class='ocrx_word' id='word_1_148' title='bbox 592 1230 751 1256; x_wconf 75' lang='lat' dir='ltr'><strong>Alexander</strong></span> <span class='ocrx_word' id='word_1_149' title='bbox 762 1237 833 1263; x_wconf 66' lang='lat' dir='ltr'><strong>{eger</strong></span> <span class='ocrx_word' id='word_1_150' title='bbox 844 1237 879 1260; x_wconf 82' lang='lat' dir='ltr'><strong>ex</strong></span> <span class='ocrx_word' id='word_1_151' title='bbox 896 1229 1012 1256; x_wconf 81' lang='lat' dir='ltr'><strong>vulnere</strong></span> <span class='ocrx_word' id='word_1_152' title='bbox 1032 1236 1098 1255; x_wconf 88' lang='lat' dir='ltr'><strong>cum</strong></span> <span class='ocrx_word' id='word_1_153' title='bbox 1116 1230 1173 1255; x_wconf 85' lang='lat' dir='ltr'><strong>suis</strong></span> <span class='ocrx_word' id='word_1_154' title='bbox 1192 1230 1245 1255; x_wconf 89' lang='lat' dir='ltr'><strong>init</strong></span> <span class='ocrx_word' id='word_1_155' title='bbox 1257 1229 1415 1256; x_wconf 84' lang='lat' dir='ltr'><strong>consilium.</strong></span> 
     </span>
     <span class='ocr_line' id='line_1_20' title="bbox 74 1273 1415 1307; baseline -0.002 -6"><span class='ocrx_word' id='word_1_156' title='bbox 74 1275 238 1301; x_wconf 80' lang='lat' dir='ltr'><strong>Aristander</strong></span> <span class='ocrx_word' id='word_1_157' title='bbox 249 1276 326 1301; x_wconf 82' lang='lat' dir='ltr'><strong>vates</strong></span> <span class='ocrx_word' id='word_1_158' title='bbox 338 1275 421 1307; x_wconf 85' lang='lat' dir='ltr'><strong>Regis</strong></span> <span class='ocrx_word' id='word_1_159' title='bbox 432 1274 570 1301; x_wconf 77' lang='lat' dir='ltr'><strong>voluntati</strong></span> <span class='ocrx_word' id='word_1_160' title='bbox 581 1276 711 1300; x_wconf 86' lang='lat' dir='ltr'><strong>extorum</strong></span> <span class='ocrx_word' id='word_1_161' title='bbox 729 1273 920 1300; x_wconf 78' lang='lat' dir='ltr'><strong>accommodat</strong></span> <span class='ocrx_word' id='word_1_162' title='bbox 936 1273 1095 1306; x_wconf 75' lang='lat' dir='ltr'><strong>significata.</strong></span> <span class='ocrx_word' id='word_1_163' title='bbox 1129 1273 1312 1299; x_wconf 86' lang='lat' dir='ltr'><strong>Menedemus</strong></span> <span class='ocrx_word' id='word_1_164' title='bbox 1323 1280 1339 1298; x_wconf 84' lang='lat' dir='ltr'><strong>a</strong></span> <span class='ocrx_word' id='word_1_165' title='bbox 1353 1273 1415 1306; x_wconf 89' lang='lat' dir='ltr'><strong>Spi-</strong></span> 
     </span>
     <span class='ocr_line' id='line_1_21' title="bbox 73 1316 1417 1351; baseline -0.001 -7"><span class='ocrx_word' id='word_1_166' title='bbox 73 1321 185 1345; x_wconf 82' lang='lat' dir='ltr'><strong>tamene</strong></span> <span class='ocrx_word' id='word_1_167' title='bbox 197 1325 246 1351; x_wconf 84' lang='lat' dir='ltr'><strong>per</strong></span> <span class='ocrx_word' id='word_1_168' title='bbox 257 1318 370 1344; x_wconf 83' lang='lat' dir='ltr'><strong>insidias</strong></span> <span class='ocrx_word' id='word_1_169' title='bbox 381 1325 447 1344; x_wconf 89' lang='lat' dir='ltr'><strong>cum</strong></span> <span class='ocrx_word' id='word_1_170' title='bbox 458 1317 567 1344; x_wconf 88' lang='lat' dir='ltr'><strong>duobus</strong></span> <span class='ocrx_word' id='word_1_171' title='bbox 582 1317 711 1351; x_wconf 86' lang='lat' dir='ltr'><strong>peditum</strong></span> <span class='ocrx_word' id='word_1_172' title='bbox 728 1317 854 1343; x_wconf 83' lang='lat' dir='ltr'><strong>millibus</strong></span> <span class='ocrx_word' id='word_1_173' title='bbox 865 1318 894 1343; x_wconf 85' lang='lat' dir='ltr'><strong>et</strong></span> <span class='ocrx_word' id='word_1_174' title='bbox 905 1317 1035 1343; x_wconf 84' lang='lat' dir='ltr'><strong>trecentis</strong></span> <span class='ocrx_word' id='word_1_175' title='bbox 1055 1316 1195 1349; x_wconf 83' lang='lat' dir='ltr'><strong>equitibus</strong></span> <span class='ocrx_word' id='word_1_176' title='bbox 1206 1324 1223 1342; x_wconf 87' lang='lat' dir='ltr'><strong>a</strong></span> <span class='ocrx_word' id='word_1_177' title='bbox 1233 1316 1321 1342; x_wconf 85' lang='lat' dir='ltr'><strong>Dahis</strong></span> <span class='ocrx_word' id='word_1_178' title='bbox 1333 1317 1417 1342; x_wconf 86' lang='lat' dir='ltr'><strong>inter-</strong></span> 
     </span>
     <span class='ocr_line' id='line_1_22' title="bbox 74 1361 894 1395; baseline -0.001 -7"><span class='ocrx_word' id='word_1_179' title='bbox 74 1362 182 1388; x_wconf 82' lang='lat' dir='ltr'><strong>ficitur:</strong></span> <span class='ocrx_word' id='word_1_180' title='bbox 201 1362 275 1395; x_wconf 89' lang='lat' dir='ltr'><strong>quod</strong></span> <span class='ocrx_word' id='word_1_181' title='bbox 287 1362 383 1388; x_wconf 82' lang='lat' dir='ltr'><strong>callide</strong></span> <span class='ocrx_word' id='word_1_182' title='bbox 395 1362 548 1388; x_wconf 75' lang='lat' dir='ltr'><strong>admodum</strong></span> <span class='ocrx_word' id='word_1_183' title='bbox 559 1361 716 1387; x_wconf 83' lang='lat' dir='ltr'><strong>dissimulat</strong></span> <span class='ocrx_word' id='word_1_184' title='bbox 727 1361 894 1387; x_wconf 82' lang='lat' dir='ltr'><strong>Alexander.</strong></span> 
     </span>
    </p>

    <p class='ocr_par' dir='ltr' id='par_1_12' title="bbox 74 1403 1416 1482">
     <span class='ocr_line' id='line_1_23' title="bbox 122 1403 1416 1437; baseline -0.002 -5"><span class='ocrx_word' id='word_1_185' title='bbox 122 1405 146 1432; x_wconf 81' lang='lat'><strong>8.</strong></span> <span class='ocrx_word' id='word_1_186' title='bbox 163 1405 243 1431; x_wconf 74' lang='lat' dir='ltr'><strong>Dum</strong></span> <span class='ocrx_word' id='word_1_187' title='bbox 262 1406 400 1432; x_wconf 83' lang='lat' dir='ltr'><strong>exercitus</strong></span> <span class='ocrx_word' id='word_1_188' title='bbox 417 1405 453 1431; x_wconf 84' lang='lat' dir='ltr'><strong>ad</strong></span> <span class='ocrx_word' id='word_1_189' title='bbox 472 1405 580 1432; x_wconf 87' lang='lat' dir='ltr'><strong>bellum</strong></span> <span class='ocrx_word' id='word_1_190' title='bbox 599 1405 759 1437; x_wconf 83' lang='lat' dir='ltr'><strong>accingitur,</strong></span> <span class='ocrx_word' id='word_1_191' title='bbox 771 1405 939 1437; x_wconf 83' lang='lat' dir='ltr'><strong>Scytharum</strong></span> <span class='ocrx_word' id='word_1_192' title='bbox 961 1403 1043 1437; x_wconf 78' lang='lat' dir='ltr'><strong>legati</strong></span> <span class='ocrx_word' id='word_1_193' title='bbox 1061 1403 1222 1436; x_wconf 81' lang='lat' dir='ltr'><strong>adveniunt,</strong></span> <span class='ocrx_word' id='word_1_194' title='bbox 1241 1410 1273 1430; x_wconf 85' lang='lat' dir='ltr'><strong>ac</strong></span> <span class='ocrx_word' id='word_1_195' title='bbox 1291 1404 1324 1429; x_wconf 87' lang='lat' dir='ltr'><strong>dc</strong></span> <span class='ocrx_word' id='word_1_196' title='bbox 1348 1410 1416 1437; x_wconf 78' lang='lat' dir='ltr'><strong>pace</strong></span> 
     </span>
     <span class='ocr_line' id='line_1_24' title="bbox 74 1448 877 1482; baseline -0.002 -7"><span class='ocrx_word' id='word_1_197' title='bbox 74 1449 187 1482; x_wconf 79' lang='lat' dir='ltr'><strong>prorsus</strong></span> <span class='ocrx_word' id='word_1_198' title='bbox 198 1450 337 1482; x_wconf 83' lang='lat' dir='ltr'><strong>egregiam</strong></span> <span class='ocrx_word' id='word_1_199' title='bbox 350 1449 385 1475; x_wconf 85' lang='lat' dir='ltr'><strong>ad</strong></span> <span class='ocrx_word' id='word_1_200' title='bbox 396 1449 587 1475; x_wconf 81' lang='lat' dir='ltr'><strong>Alexandrum</strong></span> <span class='ocrx_word' id='word_1_201' title='bbox 600 1449 752 1474; x_wconf 89' lang='lat' dir='ltr'><strong>orationem</strong></span> <span class='ocrx_word' id='word_1_202' title='bbox 764 1448 877 1474; x_wconf 83' lang='lat' dir='ltr'><strong>habent.</strong></span> 
     </span>
    </p>

    <p class='ocr_par' dir='ltr' id='par_1_13' title="bbox 76 1490 1416 1568">
     <span class='ocr_line' id='line_1_25' title="bbox 121 1490 1416 1525; baseline -0.002 -7"><span class='ocrx_word' id='word_1_203' title='bbox 121 1493 146 1519; x_wconf 80' lang='lat'><strong>9.</strong></span> <span class='ocrx_word' id='word_1_204' title='bbox 164 1492 322 1518; x_wconf 80' lang='lat' dir='ltr'><strong>Alexander</strong></span> <span class='ocrx_word' id='word_1_205' title='bbox 341 1491 438 1525; x_wconf 84' lang='lat' dir='ltr'><strong>legatis</strong></span> <span class='ocrx_word' id='word_1_206' title='bbox 454 1492 576 1518; x_wconf 76' lang='lat' dir='ltr'><strong>dimissis</strong></span> <span class='ocrx_word' id='word_1_207' title='bbox 595 1491 713 1517; x_wconf 84' lang='lat' dir='ltr'><strong>Tanaim</strong></span> <span class='ocrx_word' id='word_1_208' title='bbox 731 1491 838 1524; x_wconf 73' lang='lat' dir='ltr'><strong>trajicit,</strong></span> <span class='ocrx_word' id='word_1_209' title='bbox 861 1490 968 1517; x_wconf 88' lang='lat' dir='ltr'><strong>bellum</strong></span> <span class='ocrx_word' id='word_1_210' title='bbox 990 1490 1101 1524; x_wconf 85' lang='lat' dir='ltr'><strong>Scythis</strong></span> <span class='ocrx_word' id='word_1_211' title='bbox 1124 1490 1221 1524; x_wconf 82' lang='lat' dir='ltr'><strong>insert;</strong></span> <span class='ocrx_word' id='word_1_212' title='bbox 1247 1497 1313 1517; x_wconf 91' lang='lat' dir='ltr'><strong>cum</strong></span> <span class='ocrx_word' id='word_1_213' title='bbox 1333 1491 1416 1517; x_wconf 83' lang='lat' dir='ltr'><strong>victis</strong></span> 
     </span>
     <span class='ocr_line' id='line_1_26' title="bbox 76 1535 270 1568; baseline 0 -7"><span class='ocrx_word' id='word_1_214' title='bbox 76 1535 195 1568; x_wconf 74' lang='lat' dir='ltr'><strong>benigne</strong></span> <span class='ocrx_word' id='word_1_215' title='bbox 208 1536 270 1568; x_wconf 75' lang='lat' dir='ltr'><strong>agit.</strong></span> 
     </span>
    </p>

    <p class='ocr_par' dir='ltr' id='par_1_14' title="bbox 75 1576 1417 1648">
     <span class='ocr_line' id='line_1_27' title="bbox 123 1576 1417 1611; baseline -0.002 -7"><span class='ocrx_word' id='word_1_216' title='bbox 123 1579 164 1604; x_wconf 89' lang='grc'><strong>10.</strong></span> <span class='ocrx_word' id='word_1_217' title='bbox 182 1578 383 1611; x_wconf 83' lang='lat' dir='ltr'><strong>Sogdianorum</strong></span> <span class='ocrx_word' id='word_1_218' title='bbox 395 1577 532 1603; x_wconf 88' lang='lat' dir='ltr'><strong>nobilium</strong></span> <span class='ocrx_word' id='word_1_219' title='bbox 544 1577 665 1603; x_wconf 73' lang='lat' dir='ltr'><strong>invictus</strong></span> <span class='ocrx_word' id='word_1_220' title='bbox 677 1577 793 1603; x_wconf 87' lang='lat' dir='ltr'><strong>animus.</strong></span> <span class='ocrx_word' id='word_1_221' title='bbox 831 1576 907 1603; x_wconf 83' lang='lat' dir='ltr'><strong>Bessi</strong></span> <span class='ocrx_word' id='word_1_222' title='bbox 923 1576 1109 1609; x_wconf 81' lang='lat' dir='ltr'><strong>supplicium:</strong></span> <span class='ocrx_word' id='word_1_223' title='bbox 1128 1583 1201 1603; x_wconf 85' lang='lat' dir='ltr'><strong>novo</strong></span> <span class='ocrx_word' id='word_1_224' title='bbox 1213 1577 1302 1603; x_wconf 83' lang='lat' dir='ltr'><strong>milito</strong></span> <span class='ocrx_word' id='word_1_225' title='bbox 1318 1578 1417 1603; x_wconf 77' lang='lat' dir='ltr'><strong>suctus</strong></span> 
     </span>
     <span class='ocr_line' id='line_1_28' title="bbox 75 1617 936 1648; baseline -0.008 0"><span class='ocrx_word' id='word_1_226' title='bbox 75 1621 227 1648; x_wconf 86' lang='lat' dir='ltr'><strong>Alexandri</strong></span> <span class='ocrx_word' id='word_1_227' title='bbox 236 1621 380 1647; x_wconf 83' lang='lat' dir='ltr'><strong>exercitus.</strong></span> <span class='ocrx_word' id='word_1_228' title='bbox 933 1617 936 1620; x_wconf 84' lang='grc'>’</span> 
     </span>
    </p>

    <p class='ocr_par' dir='ltr' id='par_1_15' title="bbox 75 1662 1415 1741">
     <span class='ocr_line' id='line_1_29' title="bbox 124 1662 1415 1696; baseline -0.001 -6"><span class='ocrx_word' id='word_1_229' title='bbox 124 1664 164 1690; x_wconf 86' lang='grc'><strong>11.</strong></span> <span class='ocrx_word' id='word_1_230' title='bbox 183 1664 295 1690; x_wconf 85' lang='lat' dir='ltr'><strong>Petram</strong></span> <span class='ocrx_word' id='word_1_231' title='bbox 307 1663 404 1689; x_wconf 85' lang='lat' dir='ltr'><strong>urbem</strong></span> <span class='ocrx_word' id='word_1_232' title='bbox 417 1663 624 1696; x_wconf 82' lang='lat' dir='ltr'><strong>amplissimam,</strong></span> <span class='ocrx_word' id='word_1_233' title='bbox 637 1664 692 1689; x_wconf 77' lang='lat' dir='ltr'><strong>situ</strong></span> <span class='ocrx_word' id='word_1_234' title='bbox 713 1663 869 1696; x_wconf 68' lang='lat' dir='ltr'><strong>naturaque</strong></span> <span class='ocrx_word' id='word_1_235' title='bbox 882 1662 934 1689; x_wconf 87' lang='lat' dir='ltr'><strong>loci</strong></span> <span class='ocrx_word' id='word_1_236' title='bbox 954 1662 1011 1689; x_wconf 73' lang='lat' dir='ltr'><strong>sere</strong></span> <span class='ocrx_word' id='word_1_237' title='bbox 1029 1662 1281 1695; x_wconf 81' lang='lat' dir='ltr'><strong>inexpugnabilem,</strong></span> <span class='ocrx_word' id='word_1_238' title='bbox 1293 1663 1328 1689; x_wconf 82' lang='lat' dir='ltr'><strong>ad</strong></span> <span class='ocrx_word' id='word_1_239' title='bbox 1339 1663 1415 1689; x_wconf 85' lang='lat' dir='ltr'><strong>dcdi-</strong></span> 
     </span>
     <span class='ocr_line' id='line_1_30' title="bbox 75 1706 443 1741; baseline -0.005 -7"><span class='ocrx_word' id='word_1_240' title='bbox 75 1709 181 1734; x_wconf 71' lang='lat' dir='ltr'><strong>tionem</strong></span> <span class='ocrx_word' id='word_1_241' title='bbox 193 1708 268 1741; x_wconf 81' lang='lat' dir='ltr'><strong>cogit</strong></span> <span class='ocrx_word' id='word_1_242' title='bbox 278 1706 443 1733; x_wconf 81' lang='lat' dir='ltr'><strong>Alexander.</strong></span> 
     </span>
    </p>
   </div>
   <div class='ocr_carea' id='block_1_7' title="bbox 76 1812 1419 2492">
    <p class='ocr_par' dir='ltr' id='par_1_16' title="bbox 76 1812 1419 2492">
     <span class='ocr_line' id='line_1_31' title="bbox 155 1812 1413 1864; baseline -0.003 -11"><span class='ocrx_word' id='word_1_243' title='bbox 155 1814 188 1853; x_wconf 92' lang='grc' dir='ltr'><strong>Ι.</strong></span> <span class='ocrx_word' id='word_1_244' title='bbox 226 1817 255 1852; x_wconf 91' lang='lat' dir='ltr'><strong>l.</strong></span> <span class='ocrx_word' id='word_1_245' title='bbox 287 1813 512 1861; x_wconf 61' lang='lat' dir='ltr'><strong>Plutonis,</strong></span> <span class='ocrx_word' id='word_1_246' title='bbox 547 1813 647 1851; x_wconf 81' lang='lat' dir='ltr'><strong>sicut</strong></span> <span class='ocrx_word' id='word_1_247' title='bbox 676 1813 893 1851; x_wconf 82' lang='lat' dir='ltr'><strong>recentibus</strong></span> <span class='ocrx_word' id='word_1_248' title='bbox 925 1812 1080 1850; x_wconf 86' lang='lat' dir='ltr'><strong>sceleris</strong></span> <span class='ocrx_word' id='word_1_249' title='bbox 1114 1814 1197 1862; x_wconf 84' lang='lat' dir='ltr'><strong>ejus</strong></span> <span class='ocrx_word' id='word_1_250' title='bbox 1229 1812 1413 1864; x_wconf 79' lang='lat' dir='ltr'><strong>vestigiis,</strong></span> 
     </span>
     <span class='ocr_line' id='line_1_32' title="bbox 85 1875 1412 1928; baseline -0.002 -13"><span class='ocrx_word' id='word_1_251' title='bbox 85 1880 170 1928; x_wconf 88' lang='lat' dir='ltr'><strong>jure</strong></span> <span class='ocrx_word' id='word_1_252' title='bbox 190 1877 368 1915; x_wconf 84' lang='lat' dir='ltr'><strong>affectum</strong></span> <span class='ocrx_word' id='word_1_253' title='bbox 387 1875 576 1927; x_wconf 87' lang='lat' dir='ltr'><strong>supplicio</strong></span> <span class='ocrx_word' id='word_1_254' title='bbox 596 1880 821 1913; x_wconf 79' lang='lat' dir='ltr'><strong>censuerant</strong></span> <span class='ocrx_word' id='word_1_255' title='bbox 840 1875 1005 1925; x_wconf 79' lang='lat' dir='ltr'><strong>milites3</strong></span> <span class='ocrx_word' id='word_1_256' title='bbox 1047 1875 1114 1924; x_wconf 71' lang='lat' dir='ltr'><strong>ita,</strong></span> <span class='ocrx_word' id='word_1_257' title='bbox 1135 1880 1334 1926; x_wconf 84' lang='lat' dir='ltr'><strong>postquam</strong></span> <span class='ocrx_word' id='word_1_258' title='bbox 1353 1875 1412 1913; x_wconf 88' lang='lat' dir='ltr'><strong>de-</strong></span> 
     </span>
     <span class='ocr_line' id='line_1_33' title="bbox 76 1938 1412 1990; baseline -0.001 -12"><span class='ocrx_word' id='word_1_259' title='bbox 76 1941 194 1979; x_wconf 80' lang='lat' dir='ltr'><strong>sierat</strong></span> <span class='ocrx_word' id='word_1_260' title='bbox 223 1952 318 1988; x_wconf 89' lang='lat' dir='ltr'><strong>csse,</strong></span> <span class='ocrx_word' id='word_1_261' title='bbox 345 1952 459 1990; x_wconf 89' lang='lat' dir='ltr'><strong>quem</strong></span> <span class='ocrx_word' id='word_1_262' title='bbox 493 1939 675 1986; x_wconf 81' lang='lat' dir='ltr'><strong>odissent,</strong></span> <span class='ocrx_word' id='word_1_263' title='bbox 709 1939 854 1977; x_wconf 82' lang='lat' dir='ltr'><strong>invidia</strong></span> <span class='ocrx_word' id='word_1_264' title='bbox 881 1939 920 1976; x_wconf 90' lang='lat' dir='ltr'><strong>in</strong></span> <span class='ocrx_word' id='word_1_265' title='bbox 951 1938 1251 1976; x_wconf 83' lang='lat' dir='ltr'><strong>misericordiam</strong></span> <span class='ocrx_word' id='word_1_266' title='bbox 1284 1939 1412 1978; x_wconf 84' lang='lat' dir='ltr'><strong>vertit.</strong></span> 
     </span>
     <span class='ocr_line' id='line_1_34' title="bbox 78 2001 1414 2053; baseline -0.001 -12"><span class='ocrx_word' id='word_1_267' title='bbox 78 2003 256 2041; x_wconf 77' lang='lat' dir='ltr'><strong>Moverat</strong></span> <span class='ocrx_word' id='word_1_268' title='bbox 287 2006 327 2040; x_wconf 80' lang='lat' dir='ltr'><strong>et</strong></span> <span class='ocrx_word' id='word_1_269' title='bbox 362 2001 516 2039; x_wconf 82' lang='lat' dir='ltr'><strong>claritas</strong></span> <span class='ocrx_word' id='word_1_270' title='bbox 541 2002 707 2052; x_wconf 86' lang='lat' dir='ltr'><strong>juvenis,</strong></span> <span class='ocrx_word' id='word_1_271' title='bbox 741 2006 780 2039; x_wconf 79' lang='lat' dir='ltr'><strong>et</strong></span> <span class='ocrx_word' id='word_1_272' title='bbox 816 2001 937 2052; x_wconf 73' lang='lat' dir='ltr'><strong>patris</strong></span> <span class='ocrx_word' id='word_1_273' title='bbox 976 2003 1060 2051; x_wconf 84' lang='lat' dir='ltr'><strong>ejus</strong></span> <span class='ocrx_word' id='word_1_274' title='bbox 1093 2005 1269 2039; x_wconf 77' lang='lat' dir='ltr'><strong>senectus</strong></span> <span class='ocrx_word' id='word_1_275' title='bbox 1301 2006 1414 2053; x_wconf 86' lang='lat' dir='ltr'><strong>atque</strong></span> 
     </span>
     <span class='ocr_line' id='line_1_35' title="bbox 77 2063 1414 2115; baseline -0.001 -12"><span class='ocrx_word' id='word_1_276' title='bbox 77 2065 232 2104; x_wconf 85' lang='lat' dir='ltr'><strong>orbitas.</strong></span> <span class='ocrx_word' id='word_1_277' title='bbox 300 2064 455 2102; x_wconf 84' lang='lat' dir='ltr'><strong>Primus</strong></span> <span class='ocrx_word' id='word_1_278' title='bbox 485 2064 621 2102; x_wconf 83' lang='lat' dir='ltr'><strong>Asiam</strong></span> <span class='ocrx_word' id='word_1_279' title='bbox 651 2068 850 2115; x_wconf 72' lang='lat' dir='ltr'><strong>aperuerat</strong></span> <span class='ocrx_word' id='word_1_280' title='bbox 883 2063 996 2114; x_wconf 85' lang='lat' dir='ltr'><strong>Regi,</strong></span> <span class='ocrx_word' id='word_1_281' title='bbox 1028 2064 1198 2102; x_wconf 89' lang='lat' dir='ltr'><strong>omnium</strong></span> <span class='ocrx_word' id='word_1_282' title='bbox 1230 2064 1414 2115; x_wconf 86' lang='lat' dir='ltr'><strong>periculo—</strong></span> 
     </span>
     <span class='ocr_line' id='line_1_36' title="bbox 77 2127 1412 2178; baseline -0.002 -10"><span class='ocrx_word' id='word_1_283' title='bbox 77 2141 163 2168; x_wconf 80' lang='lat' dir='ltr'><strong>rum</strong></span> <span class='ocrx_word' id='word_1_284' title='bbox 194 2128 277 2176; x_wconf 89' lang='lat' dir='ltr'><strong>ejus</strong></span> <span class='ocrx_word' id='word_1_285' title='bbox 295 2127 508 2178; x_wconf 81' lang='lat' dir='ltr'><strong>particeps:</strong></span> <span class='ocrx_word' id='word_1_286' title='bbox 538 2139 687 2178; x_wconf 86' lang='lat' dir='ltr'><strong>semper</strong></span> <span class='ocrx_word' id='word_1_287' title='bbox 708 2127 895 2164; x_wconf 86' lang='lat' dir='ltr'><strong>¹alterum</strong></span> <span class='ocrx_word' id='word_1_288' title='bbox 924 2127 964 2164; x_wconf 93' lang='lat' dir='ltr'><strong>in</strong></span> <span class='ocrx_word' id='word_1_289' title='bbox 995 2127 1074 2165; x_wconf 84' lang='lat' dir='ltr'><strong>acic</strong></span> <span class='ocrx_word' id='word_1_290' title='bbox 1094 2140 1211 2165; x_wconf 90' lang='lat' dir='ltr'><strong>cornu</strong></span> <span class='ocrx_word' id='word_1_291' title='bbox 1239 2127 1412 2165; x_wconf 86' lang='lat' dir='ltr'><strong>defende-</strong></span> 
     </span>
     <span class='ocr_line' id='line_1_37' title="bbox 78 2188 1414 2240; baseline -0.001 -13"><span class='ocrx_word' id='word_1_292' title='bbox 78 2195 164 2227; x_wconf 83' lang='lat' dir='ltr'><strong>rat:</strong></span> <span class='ocrx_word' id='word_1_293' title='bbox 194 2188 375 2239; x_wconf 90' lang='lat' dir='ltr'><strong>Philippo</strong></span> <span class='ocrx_word' id='word_1_294' title='bbox 393 2201 543 2240; x_wconf 88' lang='lat' dir='ltr'><strong>quoque</strong></span> <span class='ocrx_word' id='word_1_295' title='bbox 575 2194 663 2227; x_wconf 85' lang='lat' dir='ltr'><strong>ante</strong></span> <span class='ocrx_word' id='word_1_296' title='bbox 683 2202 813 2227; x_wconf 88' lang='lat' dir='ltr'><strong>omnes</strong></span> <span class='ocrx_word' id='word_1_297' title='bbox 843 2189 1000 2238; x_wconf 87' lang='lat' dir='ltr'><strong>amicus,</strong></span> <span class='ocrx_word' id='word_1_298' title='bbox 1029 2194 1069 2227; x_wconf 82' lang='lat' dir='ltr'><strong>et</strong></span> <span class='ocrx_word' id='word_1_299' title='bbox 1096 2189 1171 2240; x_wconf 87' lang='lat' dir='ltr'><strong>ipsi</strong></span> <span class='ocrx_word' id='word_1_300' title='bbox 1190 2189 1414 2227; x_wconf 87' lang='lat' dir='ltr'><strong>Alexandro</strong></span> 
     </span>
     <span class='ocr_line' id='line_1_38' title="bbox 79 2251 1413 2299; baseline -0.001 -10"><span class='ocrx_word' id='word_1_301' title='bbox 79 2258 159 2290; x_wconf 86' lang='lat' dir='ltr'><strong>tam</strong></span> <span class='ocrx_word' id='word_1_302' title='bbox 176 2251 287 2299; x_wconf 84' lang='lat' dir='ltr'><strong>fidus,</strong></span> <span class='ocrx_word' id='word_1_303' title='bbox 305 2256 351 2288; x_wconf 76' lang='lat' dir='ltr'><strong>ut</strong></span> <span class='ocrx_word' id='word_1_304' title='bbox 369 2251 564 2289; x_wconf 83' lang='lat' dir='ltr'><strong>occidendi</strong></span> <span class='ocrx_word' id='word_1_305' title='bbox 591 2252 771 2290; x_wconf 80' lang='lat' dir='ltr'><strong>Attalum</strong></span> <span class='ocrx_word' id='word_1_306' title='bbox 790 2264 866 2290; x_wconf 91' lang='lat' dir='ltr'><strong>non</strong></span> <span class='ocrx_word' id='word_1_307' title='bbox 898 2251 974 2289; x_wconf 86' lang='lat' dir='ltr'><strong>alio</strong></span> <span class='ocrx_word' id='word_1_308' title='bbox 993 2251 1170 2290; x_wconf 83' lang='lat' dir='ltr'><strong>ministro</strong></span> <span class='ocrx_word' id='word_1_309' title='bbox 1189 2252 1249 2290; x_wconf 84' lang='lat' dir='ltr'><strong>uti</strong></span> <span class='ocrx_word' id='word_1_310' title='bbox 1268 2251 1413 2289; x_wconf 84' lang='lat' dir='ltr'><strong>mallet.</strong></span> 
     </span>
     <span class='ocr_line' id='line_1_39' title="bbox 82 2313 1416 2366; baseline -0.002 -12"><span class='ocrx_word' id='word_1_311' title='bbox 82 2315 234 2354; x_wconf 88' lang='lat' dir='ltr'><strong>Horum</strong></span> <span class='ocrx_word' id='word_1_312' title='bbox 261 2313 454 2364; x_wconf 61' lang='lat' dir='ltr'><strong>cogitatio·</strong></span> <span class='ocrx_word' id='word_1_313' title='bbox 467 2313 623 2353; x_wconf 76' lang='lat' dir='ltr'><strong>subibat</strong></span> <span class='ocrx_word' id='word_1_314' title='bbox 650 2314 1177 2366; x_wconf 85' lang='lat' dir='ltr'><strong>exercitum‚.seditiosaeque</strong></span> <span class='ocrx_word' id='word_1_315' title='bbox 1213 2326 1324 2352; x_wconf 83' lang='lat' dir='ltr'><strong>voces</strong></span> <span class='ocrx_word' id='word_1_316' title='bbox 1363 2325 1416 2350; x_wconf 86' lang='lat' dir='ltr'><strong>re-</strong></span> 
     </span>
     <span class='ocr_line' id='line_1_40' title="bbox 81 2376 1419 2428; baseline -0.004 -11"><span class='ocrx_word' id='word_1_317' title='bbox 81 2378 302 2417; x_wconf 86' lang='lat' dir='ltr'><strong>ferebantur</strong></span> <span class='ocrx_word' id='word_1_318' title='bbox 321 2376 370 2414; x_wconf 87' lang='lat' dir='ltr'><strong>ad</strong></span> <span class='ocrx_word' id='word_1_319' title='bbox 400 2376 569 2426; x_wconf 84' lang='lat' dir='ltr'><strong>Regem:</strong></span> <span class='ocrx_word' id='word_1_320' title='bbox 597 2378 707 2428; x_wconf 83' lang='lat' dir='ltr'><strong>queis</strong></span> <span class='ocrx_word' id='word_1_321' title='bbox 726 2378 793 2416; x_wconf 90' lang='lat' dir='ltr'><strong>ille</strong></span> <span class='ocrx_word' id='word_1_322' title='bbox 812 2377 916 2415; x_wconf 87' lang='lat' dir='ltr'><strong>haud</strong></span> <span class='ocrx_word' id='word_1_323' title='bbox 949 2379 1041 2415; x_wconf 70' lang='lat' dir='ltr'><strong>sane</strong></span> <span class='ocrx_word' id='word_1_324' title='bbox 1062 2383 1200 2424; x_wconf 91' lang='lat' dir='ltr'><strong>motus,</strong></span> <span class='ocrx_word' id='word_1_325' title='bbox 1223 2378 1235 2395; x_wconf 81' lang='lat'>²</span> <span class='ocrx_word' id='word_1_326' title='bbox 1251 2376 1419 2426; x_wconf 80' lang='lat' dir='ltr'><strong>satisque</strong></span> 
     </span>
     <span class='ocr_line' id='line_1_41' title="bbox 83 2438 1419 2492; baseline -0.003 -13"><span class='ocrx_word' id='word_1_327' title='bbox 83 2441 248 2492; x_wconf 88' lang='lat' dir='ltr'><strong>prudens</strong></span> <span class='ocrx_word' id='word_1_328' title='bbox 282 2439 351 2477; x_wconf 86' lang='lat' dir='ltr'><strong>otii</strong></span> <span class='ocrx_word' id='word_1_329' title='bbox 382 2439 477 2477; x_wconf 78' lang='lat' dir='ltr'><strong>vitia</strong></span> <span class='ocrx_word' id='word_1_330' title='bbox 510 2440 661 2489; x_wconf 84' lang='lat' dir='ltr'><strong>negotio</strong></span> <span class='ocrx_word' id='word_1_331' title='bbox 682 2440 834 2489; x_wconf 82' lang='lat' dir='ltr'><strong>discuti,</strong></span> <span class='ocrx_word' id='word_1_332' title='bbox 857 2440 974 2477; x_wconf 85' lang='lat' dir='ltr'><strong>edicit</strong></span> <span class='ocrx_word' id='word_1_333' title='bbox 1003 2445 1048 2477; x_wconf 84' lang='lat' dir='ltr'><strong>ut</strong></span> <span class='ocrx_word' id='word_1_334' title='bbox 1077 2453 1206 2477; x_wconf 89' lang='lat' dir='ltr'><strong>omncs</strong></span> <span class='ocrx_word' id='word_1_335' title='bbox 1240 2439 1278 2475; x_wconf 90' lang='lat' dir='ltr'><strong>in</strong></span> <span class='ocrx_word' id='word_1_336' title='bbox 1308 2438 1419 2476; x_wconf 78' lang='lat' dir='ltr'><strong>vesti-</strong></span> 
     </span>
    </p>
   </div>
  </div>
 </body>
</html>
