<?xml version="1.0" encoding="UTF-8"?>
<!DOCTYPE html PUBLIC "-//W3C//DTD XHTML 1.0 Transitional//EN"
    "http://www.w3.org/TR/xhtml1/DTD/xhtml1-transitional.dtd">
<html xmlns="http://www.w3.org/1999/xhtml" xml:lang="en" lang="en">
 <head>
  <title>
</title>
<meta http-equiv="Content-Type" content="text/html;charset=utf-8" />
  <meta name='ocr-system' content='tesseract 3.04.00' />
  <meta name='ocr-capabilities' content='ocr_page ocr_carea ocr_par ocr_line ocrx_word'/>
</head>
<body>
  <div class='ocr_page' id='page_1' title='image "./lifeexploitsofal00curtuoft/lifeexploitsofal00curtuoft_0014.png"; bbox 0 0 1583 2680; ppageno 0'>
   <div class='ocr_carea' id='block_1_1' title="bbox 85 176 998 206">
    <p class='ocr_par' dir='ltr' id='par_1_1' title="bbox 85 176 998 206">
     <span class='ocr_line' id='line_1_1' title="bbox 85 176 998 206; baseline -0.004 0"><span class='ocrx_word' id='word_1_1' title='bbox 85 182 108 206; x_wconf 78' lang='lat'>4</span> <span class='ocrx_word' id='word_1_2' title='bbox 518 178 700 205; x_wconf 83' lang='lat' dir='ltr'><strong>CHRIS.</strong></span> <span class='ocrx_word' id='word_1_3' title='bbox 740 176 998 204; x_wconf 75' lang='lat' dir='ltr'>CELLARH</span> 
     </span>
    </p>
   </div>
   <div class='ocr_carea' id='block_1_2' title="bbox 80 266 1428 528">
    <p class='ocr_par' dir='ltr' id='par_1_2' title="bbox 80 266 1428 528">
     <span class='ocr_line' id='line_1_2' title="bbox 80 266 1427 315; baseline -0.003 -11"><span class='ocrx_word' id='word_1_4' title='bbox 80 276 198 311; x_wconf 90' lang='lat' dir='ltr'><strong>motus,</strong></span> <span class='ocrx_word' id='word_1_5' title='bbox 215 271 306 315; x_wconf 78' lang='lat' dir='ltr'><strong>quod</strong></span> <span class='ocrx_word' id='word_1_6' title='bbox 321 270 443 304; x_wconf 79' lang='lat' dir='ltr'>milites</span> <span class='ocrx_word' id='word_1_7' title='bbox 458 270 580 303; x_wconf 81' lang='lat' dir='ltr'><strong>eaelesti</strong></span> <span class='ocrx_word' id='word_1_8' title='bbox 594 270 682 312; x_wconf 82' lang='lat' dir='ltr'><strong>igne,</strong></span> <span class='ocrx_word' id='word_1_9' title='bbox 699 271 774 302; x_wconf 73' lang='lat' dir='ltr'><strong>cum</strong></span> <span class='ocrx_word' id='word_1_10' title='bbox 789 270 903 302; x_wconf 86' lang='lat' dir='ltr'><strong>fanum</strong></span> <span class='ocrx_word' id='word_1_11' title='bbox 917 267 954 300; x_wconf 89' lang='lat' dir='ltr'><strong>in</strong></span> <span class='ocrx_word' id='word_1_12' title='bbox 969 266 1130 301; x_wconf 89' lang='lat' dir='ltr'><strong>suburbio</strong></span> <span class='ocrx_word' id='word_1_13' title='bbox 1152 266 1344 311; x_wconf 79' lang='lat' dir='ltr'><strong>spoliarent,</strong></span> <span class='ocrx_word' id='word_1_14' title='bbox 1361 277 1427 300; x_wconf 84' lang='lat' dir='ltr'><strong>am—</strong></span> 
     </span>
     <span class='ocr_line' id='line_1_3' title="bbox 80 322 1428 365; baseline -0.004 -7"><span class='ocrx_word' id='word_1_15' title='bbox 80 325 172 358; x_wconf 88' lang='lat' dir='ltr'><strong>busti</strong></span> <span class='ocrx_word' id='word_1_16' title='bbox 198 325 407 358; x_wconf 85' lang='lat' dir='ltr'><strong>dicebantur.</strong></span> <span class='ocrx_word' id='word_1_17' title='bbox 463 325 655 358; x_wconf 76' lang='lat' dir='ltr'><strong>Alexander</strong></span> <span class='ocrx_word' id='word_1_18' title='bbox 679 322 902 357; x_wconf 74' lang='lat' dir='ltr'>Athenienses</span> <span class='ocrx_word' id='word_1_19' title='bbox 926 322 1060 354; x_wconf 84' lang='lat' dir='ltr'><strong>ulturus</strong></span> <span class='ocrx_word' id='word_1_20' title='bbox 1085 324 1249 365; x_wconf 85' lang='lat' dir='ltr'><strong>tanquam</strong></span> <span class='ocrx_word' id='word_1_21' title='bbox 1273 324 1428 354; x_wconf 78' lang='lat' dir='ltr'><strong>auctores</strong></span> 
     </span>
     <span class='ocr_line' id='line_1_4' title="bbox 81 375 1426 422; baseline -0.004 -10"><span class='ocrx_word' id='word_1_22' title='bbox 81 379 275 412; x_wconf 85' lang='lat' dir='ltr'><strong>defectionis</strong></span> <span class='ocrx_word' id='word_1_23' title='bbox 285 379 464 418; x_wconf 83' lang='lat' dir='ltr'><strong>Thebanae‚</strong></span> <span class='ocrx_word' id='word_1_24' title='bbox 478 382 512 411; x_wconf 86' lang='lat' dir='ltr'><strong>et</strong></span> <span class='ocrx_word' id='word_1_25' title='bbox 523 381 599 422; x_wconf 88' lang='lat' dir='ltr'><strong>post</strong></span> <span class='ocrx_word' id='word_1_26' title='bbox 611 378 739 410; x_wconf 80' lang='lat' dir='ltr'>cladem</span> <span class='ocrx_word' id='word_1_27' title='bbox 753 380 944 420; x_wconf 74' lang='lat' dir='ltr'><strong>receptores</strong></span> <span class='ocrx_word' id='word_1_28' title='bbox 960 375 1157 419; x_wconf 87' lang='lat' dir='ltr'><strong>elapsorum,</strong></span> <span class='ocrx_word' id='word_1_29' title='bbox 1169 375 1426 409; x_wconf 81' lang='lat' dir='ltr'><strong>Demosthenem</strong></span> 
     </span>
     <span class='ocr_line' id='line_1_5' title="bbox 80 429 1425 475; baseline -0.003 -10"><span class='ocrx_word' id='word_1_30' title='bbox 80 432 154 472; x_wconf 85' lang='lat' dir='ltr'><strong>sibi,</strong></span> <span class='ocrx_word' id='word_1_31' title='bbox 172 436 206 466; x_wconf 88' lang='lat' dir='ltr'><strong>et</strong></span> <span class='ocrx_word' id='word_1_32' title='bbox 221 432 468 472; x_wconf 81' lang='lat' dir='ltr'><strong>Charidemum,</strong></span> <span class='ocrx_word' id='word_1_33' title='bbox 485 436 520 465; x_wconf 89' lang='lat' dir='ltr'><strong>et</strong></span> <span class='ocrx_word' id='word_1_34' title='bbox 539 432 730 475; x_wconf 86' lang='lat' dir='ltr'><strong>Ephialtem</strong></span> <span class='ocrx_word' id='word_1_35' title='bbox 752 430 901 474; x_wconf 87' lang='lat' dir='ltr'><strong>aliosque</strong></span> <span class='ocrx_word' id='word_1_36' title='bbox 924 429 1017 462; x_wconf 87' lang='lat' dir='ltr'><strong>tradi</strong></span> <span class='ocrx_word' id='word_1_37' title='bbox 1039 430 1198 474; x_wconf 87' lang='lat' dir='ltr'><strong>postulat.</strong></span> <span class='ocrx_word' id='word_1_38' title='bbox 1243 429 1425 472; x_wconf 85' lang='lat' dir='ltr'><strong>Legatione</strong></span> 
     </span>
     <span class='ocr_line' id='line_1_6' title="bbox 82 483 1243 528; baseline -0.003 -9"><span class='ocrx_word' id='word_1_39' title='bbox 82 490 194 519; x_wconf 87' lang='lat' dir='ltr'><strong>autem</strong></span> <span class='ocrx_word' id='word_1_40' title='bbox 211 487 365 520; x_wconf 86' lang='lat' dir='ltr'><strong>effectum</strong></span> <span class='ocrx_word' id='word_1_41' title='bbox 381 490 440 526; x_wconf 80' lang='lat' dir='ltr'><strong>est,</strong></span> <span class='ocrx_word' id='word_1_42' title='bbox 456 489 495 519; x_wconf 88' lang='lat' dir='ltr'><strong>ut</strong></span> <span class='ocrx_word' id='word_1_43' title='bbox 510 497 569 519; x_wconf 82' lang='lat' dir='ltr'><strong>rex</strong></span> <span class='ocrx_word' id='word_1_44' title='bbox 583 485 684 518; x_wconf 87' lang='lat' dir='ltr'><strong>solius</strong></span> <span class='ocrx_word' id='word_1_45' title='bbox 701 483 893 518; x_wconf 87' lang='lat' dir='ltr'><strong>Charidemi</strong></span> <span class='ocrx_word' id='word_1_46' title='bbox 909 483 1008 516; x_wconf 75' lang='lat' dir='ltr'><strong>exilio</strong></span> <span class='ocrx_word' id='word_1_47' title='bbox 1023 483 1243 528; x_wconf 69' lang='lat' dir='ltr'><strong>placaretur]</strong></span> 
     </span>
    </p>
   </div>
   <div class='ocr_carea' id='block_1_3' title="bbox 589 801 923 841">
    <p class='ocr_par' dir='ltr' id='par_1_3' title="bbox 589 801 923 841">
     <span class='ocr_line' id='line_1_7' title="bbox 589 801 923 841; baseline 0.003 -2"><span class='ocrx_word' id='word_1_48' title='bbox 589 801 808 840; x_wconf 82' lang='lat' dir='ltr'>LIBER</span> <span class='ocrx_word' id='word_1_49' title='bbox 844 801 923 841; x_wconf 91' lang='grc' dir='ltr'><strong>ΙΙ.</strong></span> 
     </span>
    </p>
   </div>
   <div class='ocr_carea' id='block_1_4' title="bbox 666 917 849 938">
    <p class='ocr_par' dir='ltr' id='par_1_4' title="bbox 666 917 849 938">
     <span class='ocr_line' id='line_1_8' title="bbox 666 917 849 938; baseline 0 0"><span class='ocrx_word' id='word_1_50' title='bbox 666 917 849 938; x_wconf 76' lang='lat' dir='ltr'><strong>ARGUMENT-</strong></span> 
     </span>
    </p>
   </div>
   <div class='ocr_carea' id='block_1_5' title="bbox 79 998 1431 1295">
    <p class='ocr_par' dir='ltr' id='par_1_5' title="bbox 79 998 1431 1295">
     <span class='ocr_line' id='line_1_9' title="bbox 120 998 1430 1034; baseline -0.003 -6"><span class='ocrx_word' id='word_1_51' title='bbox 120 1003 302 1028; x_wconf 73' lang='lat' dir='ltr'><strong>Alexnnder’s</strong></span> <span class='ocrx_word' id='word_1_52' title='bbox 314 1001 409 1028; x_wconf 84' lang='lat' dir='ltr'><strong>march</strong></span> <span class='ocrx_word' id='word_1_53' title='bbox 421 1000 493 1027; x_wconf 82' lang='lat' dir='ltr'><strong>from</strong></span> <span class='ocrx_word' id='word_1_54' title='bbox 506 1001 669 1027; x_wconf 82' lang='lat' dir='ltr'><strong>Macedonia</strong></span> <span class='ocrx_word' id='word_1_55' title='bbox 681 1001 801 1034; x_wconf 82' lang='lat' dir='ltr'><strong>through</strong></span> <span class='ocrx_word' id='word_1_56' title='bbox 814 1001 921 1027; x_wconf 82' lang='lat' dir='ltr'><strong>Thrace</strong></span> <span class='ocrx_word' id='word_1_57' title='bbox 932 1002 962 1026; x_wconf 87' lang='lat' dir='ltr'><strong>to</strong></span> <span class='ocrx_word' id='word_1_58' title='bbox 970 1001 1018 1026; x_wconf 87' lang='lat' dir='ltr'><strong>the</strong></span> <span class='ocrx_word' id='word_1_59' title='bbox 1031 999 1201 1032; x_wconf 82' lang='lat' dir='ltr'><strong>Hcllespont.</strong></span> <span class='ocrx_word' id='word_1_60' title='bbox 1229 998 1274 1025; x_wconf 83' lang='lat' dir='ltr'><strong>ne</strong></span> <span class='ocrx_word' id='word_1_61' title='bbox 1287 1006 1389 1025; x_wconf 85' lang='lat' dir='ltr'><strong>crosses</strong></span> <span class='ocrx_word' id='word_1_62' title='bbox 1402 1000 1430 1025; x_wconf 84' lang='lat' dir='ltr'><strong>to</strong></span> 
     </span>
     <span class='ocr_line' id='line_1_10' title="bbox 79 1043 1431 1079; baseline -0.002 -8"><span class='ocrx_word' id='word_1_63' title='bbox 79 1045 152 1071; x_wconf 85' lang='lat' dir='ltr'><strong>Asia.</strong></span> <span class='ocrx_word' id='word_1_64' title='bbox 188 1046 248 1071; x_wconf 81' lang='lat' dir='ltr'><strong>The</strong></span> <span class='ocrx_word' id='word_1_65' title='bbox 260 1046 449 1079; x_wconf 86' lang='lat' dir='ltr'><strong>prcparations</strong></span> <span class='ocrx_word' id='word_1_66' title='bbox 461 1045 493 1070; x_wconf 77' lang='lat' dir='ltr'><strong>of</strong></span> <span class='ocrx_word' id='word_1_67' title='bbox 500 1045 548 1076; x_wconf 75' lang='lat' dir='ltr'><strong>the</strong></span> <span class='ocrx_word' id='word_1_68' title='bbox 562 1045 690 1070; x_wconf 84' lang='lat' dir='ltr'><strong>Persians</strong></span> <span class='ocrx_word' id='word_1_69' title='bbox 702 1045 808 1077; x_wconf 75' lang='lat' dir='ltr'><strong>against</strong></span> <span class='ocrx_word' id='word_1_70' title='bbox 820 1044 868 1070; x_wconf 86' lang='lat' dir='ltr'><strong>the</strong></span> <span class='ocrx_word' id='word_1_71' title='bbox 885 1044 1090 1070; x_wconf 85' lang='lat' dir='ltr'><strong>Macedonians.</strong></span> <span class='ocrx_word' id='word_1_72' title='bbox 1125 1043 1285 1069; x_wconf 77' lang='lat' dir='ltr'><strong>Alexander</strong></span> <span class='ocrx_word' id='word_1_73' title='bbox 1296 1043 1431 1068; x_wconf 74' lang='lat' dir='ltr'><strong>sacrifices</strong></span> 
     </span>
     <span class='ocr_line' id='line_1_11' title="bbox 80 1087 1430 1116; baseline -0.002 -1"><span class='ocrx_word' id='word_1_74' title='bbox 80 1091 108 1115; x_wconf 85' lang='lat' dir='ltr'><strong>to</strong></span> <span class='ocrx_word' id='word_1_75' title='bbox 121 1090 169 1115; x_wconf 83' lang='lat' dir='ltr'><strong>the</strong></span> <span class='ocrx_word' id='word_1_76' title='bbox 189 1089 266 1116; x_wconf 88' lang='lat' dir='ltr'><strong>Gods</strong></span> <span class='ocrx_word' id='word_1_77' title='bbox 286 1089 342 1114; x_wconf 82' lang='lat' dir='ltr'><strong>and</strong></span> <span class='ocrx_word' id='word_1_78' title='bbox 361 1089 476 1115; x_wconf 81' lang='lat' dir='ltr'><strong>Heroes.</strong></span> <span class='ocrx_word' id='word_1_79' title='bbox 510 1088 603 1114; x_wconf 82' lang='lat' dir='ltr'><strong>Battle</strong></span> <span class='ocrx_word' id='word_1_80' title='bbox 620 1088 652 1114; x_wconf 80' lang='lat' dir='ltr'><strong>of</strong></span> <span class='ocrx_word' id='word_1_81' title='bbox 666 1088 715 1113; x_wconf 86' lang='lat' dir='ltr'><strong>the</strong></span> <span class='ocrx_word' id='word_1_82' title='bbox 734 1088 879 1114; x_wconf 84' lang='lat' dir='ltr'><strong>Granicus.</strong></span> <span class='ocrx_word' id='word_1_83' title='bbox 913 1087 974 1113; x_wconf 87' lang='lat' dir='ltr'><strong>The</strong></span> <span class='ocrx_word' id='word_1_84' title='bbox 994 1087 1085 1113; x_wconf 79' lang='lat' dir='ltr'><strong>burial</strong></span> <span class='ocrx_word' id='word_1_85' title='bbox 1102 1087 1134 1112; x_wconf 78' lang='lat' dir='ltr'><strong>os</strong></span> <span class='ocrx_word' id='word_1_86' title='bbox 1150 1087 1198 1113; x_wconf 83' lang='lat' dir='ltr'><strong>the</strong></span> <span class='ocrx_word' id='word_1_87' title='bbox 1219 1087 1290 1112; x_wconf 84' lang='lat' dir='ltr'><strong>dead</strong></span> <span class='ocrx_word' id='word_1_88' title='bbox 1310 1087 1365 1112; x_wconf 84' lang='lat' dir='ltr'><strong>and</strong></span> <span class='ocrx_word' id='word_1_89' title='bbox 1382 1087 1430 1112; x_wconf 71' lang='lat' dir='ltr'><strong>the</strong></span> 
     </span>
     <span class='ocr_line' id='line_1_12' title="bbox 81 1130 1431 1164; baseline -0.002 -6"><span class='ocrx_word' id='word_1_90' title='bbox 81 1134 183 1158; x_wconf 80' lang='lat' dir='ltr'><strong>honors</strong></span> <span class='ocrx_word' id='word_1_91' title='bbox 194 1132 337 1159; x_wconf 78' lang='lat' dir='ltr'><strong>bestowed</strong></span> <span class='ocrx_word' id='word_1_92' title='bbox 347 1139 423 1164; x_wconf 91' lang='lat' dir='ltr'><strong>upon</strong></span> <span class='ocrx_word' id='word_1_93' title='bbox 434 1132 520 1158; x_wconf 86' lang='lat' dir='ltr'><strong>them.</strong></span> <span class='ocrx_word' id='word_1_94' title='bbox 556 1131 602 1157; x_wconf 86' lang='lat' dir='ltr'><strong>He</strong></span> <span class='ocrx_word' id='word_1_95' title='bbox 613 1132 736 1157; x_wconf 81' lang='lat' dir='ltr'><strong>receives</strong></span> <span class='ocrx_word' id='word_1_96' title='bbox 748 1131 795 1157; x_wconf 87' lang='lat' dir='ltr'><strong>the</strong></span> <span class='ocrx_word' id='word_1_97' title='bbox 807 1131 954 1156; x_wconf 86' lang='lat' dir='ltr'><strong>surrender</strong></span> <span class='ocrx_word' id='word_1_98' title='bbox 964 1131 994 1156; x_wconf 76' lang='lat' dir='ltr'><strong>os</strong></span> <span class='ocrx_word' id='word_1_99' title='bbox 1003 1137 1080 1156; x_wconf 85' lang='lat' dir='ltr'><strong>some</strong></span> <span class='ocrx_word' id='word_1_100' title='bbox 1092 1131 1170 1156; x_wconf 81' lang='lat' dir='ltr'><strong>cities</strong></span> <span class='ocrx_word' id='word_1_101' title='bbox 1182 1130 1237 1156; x_wconf 85' lang='lat' dir='ltr'><strong>and</strong></span> <span class='ocrx_word' id='word_1_102' title='bbox 1248 1130 1327 1156; x_wconf 78' lang='lat' dir='ltr'><strong>takes</strong></span> <span class='ocrx_word' id='word_1_103' title='bbox 1339 1130 1431 1155; x_wconf 82' lang='lat' dir='ltr'><strong>others</strong></span> 
     </span>
     <span class='ocr_line' id='line_1_13' title="bbox 79 1173 1431 1208; baseline -0.002 -7"><span class='ocrx_word' id='word_1_104' title='bbox 79 1176 118 1208; x_wconf 86' lang='lat' dir='ltr'><strong>by</strong></span> <span class='ocrx_word' id='word_1_105' title='bbox 130 1178 227 1201; x_wconf 86' lang='lat' dir='ltr'><strong>storm.</strong></span> <span class='ocrx_word' id='word_1_106' title='bbox 264 1176 292 1200; x_wconf 87' lang='lat' dir='ltr'>A</span> <span class='ocrx_word' id='word_1_107' title='bbox 303 1175 363 1207; x_wconf 86' lang='lat' dir='ltr'><strong>plot</strong></span> <span class='ocrx_word' id='word_1_108' title='bbox 375 1175 482 1207; x_wconf 80' lang='lat' dir='ltr'><strong>against</strong></span> <span class='ocrx_word' id='word_1_109' title='bbox 494 1175 541 1200; x_wconf 83' lang='lat' dir='ltr'><strong>the</strong></span> <span class='ocrx_word' id='word_1_110' title='bbox 553 1174 644 1207; x_wconf 79' lang='lat' dir='ltr'><strong>king&#39;s</strong></span> <span class='ocrx_word' id='word_1_111' title='bbox 655 1174 702 1200; x_wconf 80' lang='lat' dir='ltr'><strong>life</strong></span> <span class='ocrx_word' id='word_1_112' title='bbox 713 1175 737 1199; x_wconf 88' lang='lat' dir='ltr'><strong>is</strong></span> <span class='ocrx_word' id='word_1_113' title='bbox 749 1174 918 1201; x_wconf 59' lang='lat' dir='ltr'><strong>discovered</strong></span> <span class='ocrx_word' id='word_1_114' title='bbox 953 1173 1014 1199; x_wconf 85' lang='lat' dir='ltr'><strong>The</strong></span> <span class='ocrx_word' id='word_1_115' title='bbox 1031 1174 1127 1200; x_wconf 84' lang='lat' dir='ltr'><strong>march</strong></span> <span class='ocrx_word' id='word_1_116' title='bbox 1146 1173 1267 1206; x_wconf 74' lang='lat' dir='ltr'><strong>through</strong></span> <span class='ocrx_word' id='word_1_117' title='bbox 1280 1174 1327 1200; x_wconf 85' lang='lat' dir='ltr'><strong>tho</strong></span> <span class='ocrx_word' id='word_1_118' title='bbox 1339 1180 1431 1206; x_wconf 63' lang='lat' dir='ltr'><strong>passcs</strong></span> 
     </span>
     <span class='ocr_line' id='line_1_14' title="bbox 79 1217 1430 1250; baseline -0.002 -5"><span class='ocrx_word' id='word_1_119' title='bbox 79 1220 111 1245; x_wconf 81' lang='lat' dir='ltr'><strong>of</strong></span> <span class='ocrx_word' id='word_1_120' title='bbox 118 1219 219 1245; x_wconf 84' lang='lat' dir='ltr'><strong>Mount</strong></span> <span class='ocrx_word' id='word_1_121' title='bbox 232 1219 342 1245; x_wconf 84' lang='lat' dir='ltr'><strong>Climax</strong></span> <span class='ocrx_word' id='word_1_122' title='bbox 354 1219 408 1244; x_wconf 80' lang='lat' dir='ltr'><strong>and</strong></span> <span class='ocrx_word' id='word_1_123' title='bbox 421 1218 507 1244; x_wconf 81' lang='lat' dir='ltr'><strong>battle</strong></span> <span class='ocrx_word' id='word_1_124' title='bbox 519 1218 589 1243; x_wconf 86' lang='lat' dir='ltr'><strong>with</strong></span> <span class='ocrx_word' id='word_1_125' title='bbox 602 1218 649 1244; x_wconf 82' lang='lat' dir='ltr'><strong>the</strong></span> <span class='ocrx_word' id='word_1_126' title='bbox 660 1217 805 1244; x_wconf 80' lang='lat' dir='ltr'><strong>Pisidians.</strong></span> <span class='ocrx_word' id='word_1_127' title='bbox 840 1217 901 1244; x_wconf 90' lang='lat' dir='ltr'><strong>The</strong></span> <span class='ocrx_word' id='word_1_128' title='bbox 919 1218 1045 1250; x_wconf 78' lang='lat' dir='ltr'><strong>strength</strong></span> <span class='ocrx_word' id='word_1_129' title='bbox 1058 1217 1089 1243; x_wconf 81' lang='lat' dir='ltr'><strong>of</strong></span> <span class='ocrx_word' id='word_1_130' title='bbox 1103 1217 1150 1243; x_wconf 87' lang='lat' dir='ltr'><strong>the</strong></span> <span class='ocrx_word' id='word_1_131' title='bbox 1163 1217 1291 1243; x_wconf 78' lang='lat' dir='ltr'><strong>Persians</strong></span> <span class='ocrx_word' id='word_1_132' title='bbox 1303 1217 1326 1242; x_wconf 88' lang='lat' dir='ltr'><strong>is</strong></span> <span class='ocrx_word' id='word_1_133' title='bbox 1338 1217 1430 1243; x_wconf 84' lang='lat' dir='ltr'><strong>weak-</strong></span> 
     </span>
     <span class='ocr_line' id='line_1_15' title="bbox 81 1262 554 1295; baseline -0.002 -7"><span class='ocrx_word' id='word_1_134' title='bbox 81 1263 152 1288; x_wconf 85' lang='lat' dir='ltr'><strong>ened</strong></span> <span class='ocrx_word' id='word_1_135' title='bbox 163 1262 202 1295; x_wconf 88' lang='lat' dir='ltr'><strong>by</strong></span> <span class='ocrx_word' id='word_1_136' title='bbox 217 1263 265 1288; x_wconf 89' lang='lat' dir='ltr'><strong>the</strong></span> <span class='ocrx_word' id='word_1_137' title='bbox 278 1262 361 1288; x_wconf 81' lang='lat' dir='ltr'><strong>death</strong></span> <span class='ocrx_word' id='word_1_138' title='bbox 372 1262 403 1287; x_wconf 80' lang='lat' dir='ltr'><strong>of</strong></span> <span class='ocrx_word' id='word_1_139' title='bbox 411 1262 554 1288; x_wconf 84' lang='lat' dir='ltr'><strong>Memnon.</strong></span> 
     </span>
    </p>
   </div>
   <div class='ocr_carea' id='block_1_6' title="bbox 79 1345 1432 2522">
    <p class='ocr_par' dir='ltr' id='par_1_6' title="bbox 79 1345 1432 2522">
     <span class='ocr_line' id='line_1_16' title="bbox 147 1345 1430 1390; baseline -0.001 -11"><span class='ocrx_word' id='word_1_140' title='bbox 147 1347 376 1390; x_wconf 47' lang='lat' dir='ltr'><strong>[Armxnma</strong></span> <span class='ocrx_word' id='word_1_141' title='bbox 394 1345 529 1380; x_wconf 83' lang='lat' dir='ltr'><strong>Graeeiae</strong></span> <span class='ocrx_word' id='word_1_142' title='bbox 543 1347 644 1379; x_wconf 86' lang='lat' dir='ltr'><strong>rebus</strong></span> <span class='ocrx_word' id='word_1_143' title='bbox 659 1346 859 1390; x_wconf 85' lang='lat' dir='ltr'><strong>compositis,</strong></span> <span class='ocrx_word' id='word_1_144' title='bbox 876 1350 910 1379; x_wconf 89' lang='lat' dir='ltr'><strong>et</strong></span> <span class='ocrx_word' id='word_1_145' title='bbox 926 1346 1215 1379; x_wconf 80' lang='lat' dir='ltr'><strong>administratione</strong></span> <span class='ocrx_word' id='word_1_146' title='bbox 1227 1345 1323 1388; x_wconf 83' lang='lat' dir='ltr'><strong>regni</strong></span> <span class='ocrx_word' id='word_1_147' title='bbox 1335 1345 1430 1379; x_wconf 67' lang='lat' dir='ltr'><strong>Anti-</strong></span> 
     </span>
     <span class='ocr_line' id='line_1_17' title="bbox 80 1399 1431 1444; baseline -0.002 -10"><span class='ocrx_word' id='word_1_148' title='bbox 80 1405 180 1444; x_wconf 84' lang='lat' dir='ltr'><strong>patro</strong></span> <span class='ocrx_word' id='word_1_149' title='bbox 196 1401 376 1440; x_wconf 70' lang='lat' dir='ltr'><strong>commissa‚</strong></span> <span class='ocrx_word' id='word_1_150' title='bbox 392 1400 429 1433; x_wconf 86' lang='lat' dir='ltr'><strong>in</strong></span> <span class='ocrx_word' id='word_1_151' title='bbox 442 1401 567 1433; x_wconf 87' lang='lat' dir='ltr'><strong>bellum</strong></span> <span class='ocrx_word' id='word_1_152' title='bbox 583 1400 762 1441; x_wconf 84' lang='lat' dir='ltr'><strong>Persicum,</strong></span> <span class='ocrx_word' id='word_1_153' title='bbox 780 1401 823 1433; x_wconf 89' lang='lat' dir='ltr'><strong>ad</strong></span> <span class='ocrx_word' id='word_1_154' title='bbox 839 1400 931 1444; x_wconf 86' lang='lat' dir='ltr'><strong>quod</strong></span> <span class='ocrx_word' id='word_1_155' title='bbox 945 1412 979 1433; x_wconf 86' lang='lat' dir='ltr'><strong>se</strong></span> <span class='ocrx_word' id='word_1_156' title='bbox 995 1399 1127 1444; x_wconf 88' lang='lat' dir='ltr'><strong>pridem</strong></span> <span class='ocrx_word' id='word_1_157' title='bbox 1149 1404 1341 1444; x_wconf 84' lang='lat' dir='ltr'><strong>paraverat,</strong></span> <span class='ocrx_word' id='word_1_158' title='bbox 1356 1411 1431 1444; x_wconf 85' lang='lat' dir='ltr'><strong>pro-</strong></span> 
     </span>
     <span class='ocr_line' id='line_1_18' title="bbox 79 1453 1428 1498; baseline -0.001 -11"><span class='ocrx_word' id='word_1_159' title='bbox 79 1456 239 1494; x_wconf 82' lang='lat' dir='ltr'><strong>fecturus,</strong></span> <span class='ocrx_word' id='word_1_160' title='bbox 264 1453 407 1497; x_wconf 83' lang='lat' dir='ltr'><strong>triginta</strong></span> <span class='ocrx_word' id='word_1_161' title='bbox 430 1453 536 1486; x_wconf 83' lang='lat' dir='ltr'><strong>millia</strong></span> <span class='ocrx_word' id='word_1_162' title='bbox 561 1453 724 1498; x_wconf 87' lang='lat' dir='ltr'><strong>peditum,</strong></span> <span class='ocrx_word' id='word_1_163' title='bbox 750 1457 785 1487; x_wconf 86' lang='lat' dir='ltr'><strong>et</strong></span> <span class='ocrx_word' id='word_1_164' title='bbox 810 1454 961 1498; x_wconf 90' lang='lat' dir='ltr'><strong>quinque</strong></span> <span class='ocrx_word' id='word_1_165' title='bbox 988 1454 1140 1498; x_wconf 88' lang='lat' dir='ltr'><strong>equitum</strong></span> <span class='ocrx_word' id='word_1_166' title='bbox 1166 1465 1279 1487; x_wconf 81' lang='lat' dir='ltr'><strong>seeum</strong></span> <span class='ocrx_word' id='word_1_167' title='bbox 1306 1453 1428 1487; x_wconf 88' lang='lat' dir='ltr'><strong>educit.</strong></span> 
     </span>
     <span class='ocr_line' id='line_1_19' title="bbox 81 1507 1431 1552; baseline 0 -11"><span class='ocrx_word' id='word_1_168' title='bbox 81 1509 235 1547; x_wconf 85' lang='lat' dir='ltr'><strong>Classem,</strong></span> <span class='ocrx_word' id='word_1_169' title='bbox 248 1519 349 1552; x_wconf 85' lang='lat' dir='ltr'><strong>quam</strong></span> <span class='ocrx_word' id='word_1_170' title='bbox 357 1509 457 1552; x_wconf 81' lang='lat' dir='ltr'><strong>juxta</strong></span> <span class='ocrx_word' id='word_1_171' title='bbox 468 1508 579 1541; x_wconf 85' lang='lat' dir='ltr'><strong>laeum</strong></span> <span class='ocrx_word' id='word_1_172' title='bbox 591 1507 792 1542; x_wconf 86' lang='lat' dir='ltr'><strong>Cercinitem</strong></span> <span class='ocrx_word' id='word_1_173' title='bbox 805 1512 838 1541; x_wconf 92' lang='lat' dir='ltr'><strong>et</strong></span> <span class='ocrx_word' id='word_1_174' title='bbox 849 1508 1035 1552; x_wconf 79' lang='lat' dir='ltr'><strong>Strymonis</strong></span> <span class='ocrx_word' id='word_1_175' title='bbox 1046 1508 1132 1541; x_wconf 89' lang='lat' dir='ltr'><strong>ostia</strong></span> <span class='ocrx_word' id='word_1_176' title='bbox 1142 1508 1302 1548; x_wconf 86' lang='lat' dir='ltr'><strong>habebat,</strong></span> <span class='ocrx_word' id='word_1_177' title='bbox 1315 1509 1431 1541; x_wconf 76' lang='lat' dir='ltr'><strong>eodem</strong></span> 
     </span>
     <span class='ocr_line' id='line_1_20' title="bbox 80 1561 1430 1606; baseline -0.001 -11"><span class='ocrx_word' id='word_1_178' title='bbox 80 1561 176 1605; x_wconf 85' lang='lat' dir='ltr'><strong>sequi</strong></span> <span class='ocrx_word' id='word_1_179' title='bbox 186 1562 295 1605; x_wconf 87' lang='lat' dir='ltr'><strong>jubet.</strong></span> <span class='ocrx_word' id='word_1_180' title='bbox 340 1562 513 1595; x_wconf 88' lang='lat' dir='ltr'><strong>Abderam</strong></span> <span class='ocrx_word' id='word_1_181' title='bbox 529 1565 563 1595; x_wconf 89' lang='lat' dir='ltr'><strong>et</strong></span> <span class='ocrx_word' id='word_1_182' title='bbox 577 1563 770 1595; x_wconf 85' lang='lat' dir='ltr'><strong>Maroneam</strong></span> <span class='ocrx_word' id='word_1_183' title='bbox 784 1566 1048 1606; x_wconf 85' lang='lat' dir='ltr'><strong>praetergressus,</strong></span> <span class='ocrx_word' id='word_1_184' title='bbox 1065 1566 1100 1595; x_wconf 91' lang='lat' dir='ltr'><strong>et</strong></span> <span class='ocrx_word' id='word_1_185' title='bbox 1114 1562 1230 1595; x_wconf 86' lang='lat' dir='ltr'><strong>Hebro</strong></span> <span class='ocrx_word' id='word_1_186' title='bbox 1246 1573 1285 1595; x_wconf 82' lang='lat' dir='ltr'><strong>ae</strong></span> <span class='ocrx_word' id='word_1_187' title='bbox 1299 1562 1430 1595; x_wconf 76' lang='lat' dir='ltr'><strong>Melane</strong></span> 
     </span>
     <span class='ocr_line' id='line_1_21' title="bbox 80 1615 1429 1659; baseline 0 -11"><span class='ocrx_word' id='word_1_188' title='bbox 80 1615 193 1648; x_wconf 84' lang='lat' dir='ltr'><strong>fluviis</strong></span> <span class='ocrx_word' id='word_1_189' title='bbox 209 1615 367 1659; x_wconf 86' lang='lat' dir='ltr'><strong>trajectis,</strong></span> <span class='ocrx_word' id='word_1_190' title='bbox 384 1615 542 1648; x_wconf 80' lang='lat' dir='ltr'><strong>vicesimo</strong></span> <span class='ocrx_word' id='word_1_191' title='bbox 558 1615 624 1655; x_wconf 84' lang='lat' dir='ltr'><strong>die,</strong></span> <span class='ocrx_word' id='word_1_192' title='bbox 640 1619 819 1659; x_wconf 85' lang='lat' dir='ltr'><strong>postquam</strong></span> <span class='ocrx_word' id='word_1_193' title='bbox 842 1616 939 1648; x_wconf 87' lang='lat' dir='ltr'><strong>domo</strong></span> <span class='ocrx_word' id='word_1_194' title='bbox 958 1615 1165 1655; x_wconf 80' lang='lat' dir='ltr'><strong>discesserat,</strong></span> <span class='ocrx_word' id='word_1_195' title='bbox 1180 1617 1311 1649; x_wconf 86' lang='lat' dir='ltr'><strong>Sestum</strong></span> <span class='ocrx_word' id='word_1_196' title='bbox 1325 1615 1429 1648; x_wconf 81' lang='lat' dir='ltr'><strong>venit.</strong></span> 
     </span>
     <span class='ocr_line' id='line_1_22' title="bbox 79 1669 1431 1714; baseline 0.001 -12"><span class='ocrx_word' id='word_1_197' title='bbox 79 1671 174 1702; x_wconf 81' lang='lat' dir='ltr'><strong>Sesto</strong></span> <span class='ocrx_word' id='word_1_198' title='bbox 197 1670 381 1702; x_wconf 80' lang='lat' dir='ltr'><strong>Elaeuntem</strong></span> <span class='ocrx_word' id='word_1_199' title='bbox 403 1670 572 1713; x_wconf 81' lang='lat' dir='ltr'><strong>profectus</strong></span> <span class='ocrx_word' id='word_1_200' title='bbox 595 1680 655 1702; x_wconf 83' lang='lat' dir='ltr'><strong>rex</strong></span> <span class='ocrx_word' id='word_1_201' title='bbox 669 1669 862 1710; x_wconf 79' lang='lat' dir='ltr'><strong>Protesilao,</strong></span> <span class='ocrx_word' id='word_1_202' title='bbox 880 1669 940 1714; x_wconf 88' lang='lat' dir='ltr'><strong>qui</strong></span> <span class='ocrx_word' id='word_1_203' title='bbox 962 1670 1106 1714; x_wconf 88' lang='lat' dir='ltr'><strong>Trojano</strong></span> <span class='ocrx_word' id='word_1_204' title='bbox 1131 1670 1220 1703; x_wconf 90' lang='lat' dir='ltr'><strong>bello</strong></span> <span class='ocrx_word' id='word_1_205' title='bbox 1246 1669 1374 1713; x_wconf 86' lang='lat' dir='ltr'><strong>primus</strong></span> <span class='ocrx_word' id='word_1_206' title='bbox 1395 1669 1431 1703; x_wconf 87' lang='lat' dir='ltr'><strong>in</strong></span> 
     </span>
     <span class='ocr_line' id='line_1_23' title="bbox 81 1722 1432 1766; baseline -0.001 -10"><span class='ocrx_word' id='word_1_207' title='bbox 81 1723 195 1756; x_wconf 82' lang='lat' dir='ltr'><strong>Asiam</strong></span> <span class='ocrx_word' id='word_1_208' title='bbox 211 1722 338 1756; x_wconf 86' lang='lat' dir='ltr'><strong>dicitur</strong></span> <span class='ocrx_word' id='word_1_209' title='bbox 351 1723 472 1766; x_wconf 88' lang='lat' dir='ltr'><strong>pedem</strong></span> <span class='ocrx_word' id='word_1_210' title='bbox 494 1722 655 1763; x_wconf 85' lang='lat' dir='ltr'><strong>intulisse,</strong></span> <span class='ocrx_word' id='word_1_211' title='bbox 672 1723 808 1757; x_wconf 84' lang='lat' dir='ltr'><strong>inferias</strong></span> <span class='ocrx_word' id='word_1_212' title='bbox 832 1724 944 1757; x_wconf 84' lang='lat' dir='ltr'><strong>dabat.</strong></span> <span class='ocrx_word' id='word_1_213' title='bbox 990 1725 1126 1756; x_wconf 80' lang='lat' dir='ltr'><strong>Interea</strong></span> <span class='ocrx_word' id='word_1_214' title='bbox 1148 1723 1325 1756; x_wconf 83' lang='lat' dir='ltr'><strong>Parmenio</strong></span> <span class='ocrx_word' id='word_1_215' title='bbox 1341 1735 1432 1756; x_wconf 76' lang='lat' dir='ltr'><strong>exer-</strong></span> 
     </span>
     <span class='ocr_line' id='line_1_24' title="bbox 82 1775 1430 1820; baseline 0 -11"><span class='ocrx_word' id='word_1_216' title='bbox 82 1777 187 1809; x_wconf 80' lang='lat' dir='ltr'><strong>eitum</strong></span> <span class='ocrx_word' id='word_1_217' title='bbox 211 1779 305 1809; x_wconf 78' lang='lat' dir='ltr'><strong>Sesto</strong></span> <span class='ocrx_word' id='word_1_218' title='bbox 320 1777 481 1820; x_wconf 77' lang='lat' dir='ltr'><strong>Abydum</strong></span> <span class='ocrx_word' id='word_1_219' title='bbox 504 1776 766 1820; x_wconf 79' lang='lat' dir='ltr'><strong>transportavit3</strong></span> <span class='ocrx_word' id='word_1_220' title='bbox 790 1788 851 1810; x_wconf 85' lang='lat' dir='ltr'><strong>rex</strong></span> <span class='ocrx_word' id='word_1_221' title='bbox 873 1775 1024 1810; x_wconf 62' lang='lat' dir='ltr'><strong>Elaeunte</strong></span> <span class='ocrx_word' id='word_1_222' title='bbox 1047 1776 1084 1809; x_wconf 89' lang='lat' dir='ltr'><strong>in</strong></span> <span class='ocrx_word' id='word_1_223' title='bbox 1108 1780 1243 1820; x_wconf 87' lang='lat' dir='ltr'><strong>portum</strong></span> <span class='ocrx_word' id='word_1_224' title='bbox 1257 1777 1430 1816; x_wconf 79' lang='lat' dir='ltr'><strong>Aehaeum,</strong></span> 
     </span>
     <span class='ocr_line' id='line_1_25' title="bbox 82 1829 1431 1874; baseline 0.001 -12"><span class='ocrx_word' id='word_1_225' title='bbox 82 1830 141 1874; x_wconf 87' lang='lat' dir='ltr'><strong>qui</strong></span> <span class='ocrx_word' id='word_1_226' title='bbox 165 1831 209 1863; x_wconf 85' lang='lat' dir='ltr'><strong>ad</strong></span> <span class='ocrx_word' id='word_1_227' title='bbox 233 1830 375 1872; x_wconf 83' lang='lat' dir='ltr'><strong>Sigaeum</strong></span> <span class='ocrx_word' id='word_1_228' title='bbox 400 1834 459 1869; x_wconf 85' lang='lat' dir='ltr'><strong>est,</strong></span> <span class='ocrx_word' id='word_1_229' title='bbox 475 1830 617 1873; x_wconf 83' lang='lat' dir='ltr'><strong>trajecit.</strong></span> <span class='ocrx_word' id='word_1_230' title='bbox 660 1830 794 1869; x_wconf 81' lang='lat' dir='ltr'><strong>Darius,</strong></span> <span class='ocrx_word' id='word_1_231' title='bbox 820 1831 1052 1864; x_wconf 84' lang='lat' dir='ltr'><strong>Codomannus</strong></span> <span class='ocrx_word' id='word_1_232' title='bbox 1067 1829 1202 1873; x_wconf 82' lang='lat' dir='ltr'><strong>vulgari</strong></span> <span class='ocrx_word' id='word_1_233' title='bbox 1225 1830 1368 1870; x_wconf 78' lang='lat' dir='ltr'><strong>nomine,</strong></span> <span class='ocrx_word' id='word_1_234' title='bbox 1393 1834 1431 1863; x_wconf 72' lang='lat' dir='ltr'><strong>ea</strong></span> 
     </span>
     <span class='ocr_line' id='line_1_26' title="bbox 82 1883 1431 1928; baseline 0 -12"><span class='ocrx_word' id='word_1_235' title='bbox 82 1887 280 1927; x_wconf 83' lang='lat' dir='ltr'><strong>tempestate</strong></span> <span class='ocrx_word' id='word_1_236' title='bbox 295 1895 355 1916; x_wconf 82' lang='lat' dir='ltr'><strong>rex</strong></span> <span class='ocrx_word' id='word_1_237' title='bbox 370 1885 546 1916; x_wconf 86' lang='lat' dir='ltr'><strong>Persarum</strong></span> <span class='ocrx_word' id='word_1_238' title='bbox 562 1886 644 1922; x_wconf 90' lang='lat' dir='ltr'><strong>erat,</strong></span> <span class='ocrx_word' id='word_1_239' title='bbox 661 1884 762 1926; x_wconf 87' lang='lat' dir='ltr'><strong>paulo</strong></span> <span class='ocrx_word' id='word_1_240' title='bbox 779 1887 857 1916; x_wconf 88' lang='lat' dir='ltr'><strong>ante</strong></span> <span class='ocrx_word' id='word_1_241' title='bbox 873 1883 1022 1927; x_wconf 84' lang='lat' dir='ltr'><strong>Philippi</strong></span> <span class='ocrx_word' id='word_1_242' title='bbox 1044 1894 1168 1923; x_wconf 82' lang='lat' dir='ltr'><strong>necem,</strong></span> <span class='ocrx_word' id='word_1_243' title='bbox 1184 1888 1324 1928; x_wconf 86' lang='lat' dir='ltr'><strong>propter</strong></span> <span class='ocrx_word' id='word_1_244' title='bbox 1338 1885 1431 1917; x_wconf 83' lang='lat' dir='ltr'><strong>belli·</strong></span> 
     </span>
     <span class='ocr_line' id='line_1_27' title="bbox 83 1937 1430 1981; baseline 0.001 -11"><span class='ocrx_word' id='word_1_245' title='bbox 83 1949 156 1970; x_wconf 89' lang='lat' dir='ltr'><strong>cam</strong></span> <span class='ocrx_word' id='word_1_246' title='bbox 171 1938 291 1970; x_wconf 82' lang='lat' dir='ltr'><strong>samam</strong></span> <span class='ocrx_word' id='word_1_247' title='bbox 308 1941 341 1969; x_wconf 86' lang='lat' dir='ltr'><strong>et</strong></span> <span class='ocrx_word' id='word_1_248' title='bbox 356 1947 461 1979; x_wconf 86' lang='lat' dir='ltr'><strong>genus</strong></span> <span class='ocrx_word' id='word_1_249' title='bbox 477 1949 497 1970; x_wconf 89' lang='lat' dir='ltr'><strong>a</strong></span> <span class='ocrx_word' id='word_1_250' title='bbox 512 1937 604 1979; x_wconf 84' lang='lat' dir='ltr'><strong>regio</strong></span> <span class='ocrx_word' id='word_1_251' title='bbox 628 1938 713 1970; x_wconf 81' lang='lat' dir='ltr'><strong>sorte</strong></span> <span class='ocrx_word' id='word_1_252' title='bbox 729 1948 796 1969; x_wconf 92' lang='lat' dir='ltr'><strong>non</strong></span> <span class='ocrx_word' id='word_1_253' title='bbox 821 1937 976 1977; x_wconf 83' lang='lat' dir='ltr'><strong>alienum,</strong></span> <span class='ocrx_word' id='word_1_254' title='bbox 992 1937 1028 1970; x_wconf 90' lang='lat' dir='ltr'><strong>in</strong></span> <span class='ocrx_word' id='word_1_255' title='bbox 1042 1937 1079 1970; x_wconf 81' lang='lat' dir='ltr'><strong>id</strong></span> <span class='ocrx_word' id='word_1_256' title='bbox 1094 1937 1264 1981; x_wconf 76' lang='lat' dir='ltr'><strong>fastigium</strong></span> <span class='ocrx_word' id='word_1_257' title='bbox 1283 1945 1430 1972; x_wconf 75' lang='lat' dir='ltr'><strong>evectus.</strong></span> 
     </span>
     <span class='ocr_line' id='line_1_28' title="bbox 83 1991 1431 2035; baseline 0.001 -11"><span class='ocrx_word' id='word_1_258' title='bbox 83 1991 158 2030; x_wconf 80' lang='lat' dir='ltr'><strong>nic,</strong></span> <span class='ocrx_word' id='word_1_259' title='bbox 171 1993 337 2024; x_wconf 73' lang='lat' dir='ltr'><strong>contemta</strong></span> <span class='ocrx_word' id='word_1_260' title='bbox 348 1991 532 2023; x_wconf 83' lang='lat' dir='ltr'><strong>Alexandri</strong></span> <span class='ocrx_word' id='word_1_261' title='bbox 543 1992 733 2035; x_wconf 80' lang='lat' dir='ltr'><strong>juventute,</strong></span> <span class='ocrx_word' id='word_1_262' title='bbox 747 1991 858 2024; x_wconf 83' lang='lat' dir='ltr'><strong>omnia</strong></span> <span class='ocrx_word' id='word_1_263' title='bbox 869 1991 1017 2024; x_wconf 87' lang='lat' dir='ltr'><strong>securius</strong></span> <span class='ocrx_word' id='word_1_264' title='bbox 1030 1992 1168 2034; x_wconf 84' lang='lat' dir='ltr'><strong>agebat:</strong></span> <span class='ocrx_word' id='word_1_265' title='bbox 1194 1992 1335 2034; x_wconf 76' lang='lat' dir='ltr'><strong>cognitis</strong></span> <span class='ocrx_word' id='word_1_266' title='bbox 1351 2004 1431 2025; x_wconf 77' lang='lat' dir='ltr'><strong>vero</strong></span> 
     </span>
     <span class='ocr_line' id='line_1_29' title="bbox 83 2045 1431 2089; baseline 0.001 -12"><span class='ocrx_word' id='word_1_267' title='bbox 83 2046 192 2084; x_wconf 83' lang='lat' dir='ltr'><strong>rebus,</strong></span> <span class='ocrx_word' id='word_1_268' title='bbox 209 2056 293 2088; x_wconf 87' lang='lat' dir='ltr'><strong>quas</strong></span> <span class='ocrx_word' id='word_1_269' title='bbox 318 2045 409 2088; x_wconf 82' lang='lat' dir='ltr'><strong>apud</strong></span> <span class='ocrx_word' id='word_1_270' title='bbox 434 2047 575 2085; x_wconf 73' lang='lat' dir='ltr'><strong>Graecos,</strong></span> <span class='ocrx_word' id='word_1_271' title='bbox 591 2046 749 2084; x_wconf 80' lang='lat' dir='ltr'><strong>Thracas,</strong></span> <span class='ocrx_word' id='word_1_272' title='bbox 766 2050 800 2078; x_wconf 83' lang='lat' dir='ltr'><strong>et</strong></span> <span class='ocrx_word' id='word_1_273' title='bbox 816 2045 948 2089; x_wconf 73' lang='lat' dir='ltr'><strong>Illyrios</strong></span> <span class='ocrx_word' id='word_1_274' title='bbox 971 2050 1128 2087; x_wconf 80' lang='lat' dir='ltr'><strong>gesserat,</strong></span> <span class='ocrx_word' id='word_1_275' title='bbox 1144 2049 1270 2078; x_wconf 71' lang='lat' dir='ltr'><strong>smnma</strong></span> <span class='ocrx_word' id='word_1_276' title='bbox 1293 2058 1327 2079; x_wconf 78' lang='lat' dir='ltr'><strong>se</strong></span> <span class='ocrx_word' id='word_1_277' title='bbox 1350 2050 1431 2079; x_wconf 72' lang='lat' dir='ltr'><strong>cura</strong></span> 
     </span>
     <span class='ocr_line' id='line_1_30' title="bbox 83 2098 1431 2143; baseline 0.001 -12"><span class='ocrx_word' id='word_1_278' title='bbox 83 2098 222 2131; x_wconf 76' lang='lat' dir='ltr'><strong>instanti</strong></span> <span class='ocrx_word' id='word_1_279' title='bbox 238 2099 325 2131; x_wconf 83' lang='lat' dir='ltr'><strong>bello</strong></span> <span class='ocrx_word' id='word_1_280' title='bbox 341 2100 565 2142; x_wconf 69' lang='lat' dir='ltr'><strong>praeparabat,</strong></span> <span class='ocrx_word' id='word_1_281' title='bbox 581 2098 688 2131; x_wconf 85' lang='lat' dir='ltr'><strong>missis</strong></span> <span class='ocrx_word' id='word_1_282' title='bbox 712 2111 846 2143; x_wconf 86' lang='lat' dir='ltr'><strong>quoque</strong></span> <span class='ocrx_word' id='word_1_283' title='bbox 862 2099 897 2131; x_wconf 89' lang='lat' dir='ltr'><strong>in</strong></span> <span class='ocrx_word' id='word_1_284' title='bbox 913 2099 1085 2139; x_wconf 72' lang='lat' dir='ltr'><strong>Grmciam,</strong></span> <span class='ocrx_word' id='word_1_285' title='bbox 1103 2100 1162 2143; x_wconf 87' lang='lat' dir='ltr'><strong>qni</strong></span> <span class='ocrx_word' id='word_1_286' title='bbox 1177 2101 1330 2133; x_wconf 79' lang='lat' dir='ltr'><strong>mercede</strong></span> <span class='ocrx_word' id='word_1_287' title='bbox 1348 2101 1431 2133; x_wconf 88' lang='lat' dir='ltr'><strong>mili-</strong></span> 
     </span>
     <span class='ocr_line' id='line_1_31' title="bbox 83 2153 1432 2192; baseline 0.001 -7"><span class='ocrx_word' id='word_1_288' title='bbox 83 2158 149 2186; x_wconf 85' lang='lat' dir='ltr'><strong>tem</strong></span> <span class='ocrx_word' id='word_1_289' title='bbox 165 2153 398 2185; x_wconf 65' lang='lat' dir='ltr'><strong>conducerent„</strong></span> <span class='ocrx_word' id='word_1_290' title='bbox 446 2155 477 2186; x_wconf 87' lang='lat' dir='ltr'>N</span> <span class='ocrx_word' id='word_1_291' title='bbox 480 2165 516 2185; x_wconf 89' lang='lat' dir='ltr'><strong>ec</strong></span> <span class='ocrx_word' id='word_1_292' title='bbox 534 2153 747 2185; x_wconf 85' lang='lat' dir='ltr'><strong>mercenariis</strong></span> <span class='ocrx_word' id='word_1_293' title='bbox 762 2153 869 2192; x_wconf 78' lang='lat' dir='ltr'><strong>modo,</strong></span> <span class='ocrx_word' id='word_1_294' title='bbox 886 2154 944 2186; x_wconf 83' lang='lat' dir='ltr'><strong>sed</strong></span> <span class='ocrx_word' id='word_1_295' title='bbox 960 2153 1125 2186; x_wconf 80' lang='lat' dir='ltr'><strong>universis</strong></span> <span class='ocrx_word' id='word_1_296' title='bbox 1140 2153 1175 2185; x_wconf 93' lang='lat' dir='ltr'><strong>in</strong></span> <span class='ocrx_word' id='word_1_297' title='bbox 1190 2154 1357 2186; x_wconf 67' lang='lat' dir='ltr'><strong>maritima</strong></span> <span class='ocrx_word' id='word_1_298' title='bbox 1372 2158 1432 2187; x_wconf 66' lang='lat' dir='ltr'><strong>ora</strong></span> 
     </span>
     <span class='ocr_line' id='line_1_32' title="bbox 83 2206 1428 2251; baseline 0.001 -12"><span class='ocrx_word' id='word_1_299' title='bbox 83 2207 187 2250; x_wconf 85' lang='lat' dir='ltr'><strong>copiis</strong></span> <span class='ocrx_word' id='word_1_300' title='bbox 211 2208 420 2239; x_wconf 84' lang='lat' dir='ltr'><strong>Memnonem</strong></span> <span class='ocrx_word' id='word_1_301' title='bbox 445 2206 623 2244; x_wconf 76' lang='lat' dir='ltr'><strong>Rhodium,</strong></span> <span class='ocrx_word' id='word_1_302' title='bbox 640 2207 750 2239; x_wconf 77' lang='lat' dir='ltr'><strong>virum</strong></span> <span class='ocrx_word' id='word_1_303' title='bbox 775 2207 1012 2250; x_wconf 77' lang='lat' dir='ltr'><strong>peritissimum</strong></span> <span class='ocrx_word' id='word_1_304' title='bbox 1036 2207 1085 2240; x_wconf 80' lang='lat' dir='ltr'><strong>rei</strong></span> <span class='ocrx_word' id='word_1_305' title='bbox 1109 2207 1245 2247; x_wconf 68' lang='lat' dir='ltr'><strong>bellicxr,</strong></span> <span class='ocrx_word' id='word_1_306' title='bbox 1273 2209 1428 2251; x_wconf 73' lang='lat' dir='ltr'><strong>proesecit.</strong></span> 
     </span>
     <span class='ocr_line' id='line_1_33' title="bbox 83 2261 1430 2304; baseline 0.001 -10"><span class='ocrx_word' id='word_1_307' title='bbox 83 2263 122 2294; x_wconf 90' lang='lat' dir='ltr'><strong>In</strong></span> <span class='ocrx_word' id='word_1_308' title='bbox 138 2261 256 2294; x_wconf 83' lang='lat' dir='ltr'><strong>mediis</strong></span> <span class='ocrx_word' id='word_1_309' title='bbox 272 2261 480 2304; x_wconf 77' lang='lat' dir='ltr'><strong>Hellesponti</strong></span> <span class='ocrx_word' id='word_1_310' title='bbox 504 2261 662 2294; x_wconf 76' lang='lat' dir='ltr'><strong>fluctibus</strong></span> <span class='ocrx_word' id='word_1_311' title='bbox 678 2261 749 2294; x_wconf 72' lang='lat' dir='ltr'><strong>Diis</strong></span> <span class='ocrx_word' id='word_1_312' title='bbox 765 2262 865 2294; x_wconf 82' lang='lat' dir='ltr'><strong>maris</strong></span> <span class='ocrx_word' id='word_1_313' title='bbox 887 2273 983 2294; x_wconf 72' lang='lat' dir='ltr'><strong>saera</strong></span> <span class='ocrx_word' id='word_1_314' title='bbox 1006 2261 1094 2301; x_wconf 65' lang='lat' dir='ltr'><strong>fecit,</strong></span> <span class='ocrx_word' id='word_1_315' title='bbox 1112 2266 1145 2295; x_wconf 88' lang='lat' dir='ltr'><strong>et</strong></span> <span class='ocrx_word' id='word_1_316' title='bbox 1161 2263 1290 2295; x_wconf 80' lang='lat' dir='ltr'><strong>delatus</strong></span> <span class='ocrx_word' id='word_1_317' title='bbox 1305 2263 1339 2295; x_wconf 91' lang='lat' dir='ltr'><strong>in</strong></span> <span class='ocrx_word' id='word_1_318' title='bbox 1356 2275 1430 2295; x_wconf 91' lang='lat' dir='ltr'><strong>con-</strong></span> 
     </span>
     <span class='ocr_line' id='line_1_34' title="bbox 84 2314 1430 2359; baseline 0.002 -13"><span class='ocrx_word' id='word_1_319' title='bbox 84 2314 258 2353; x_wconf 79' lang='lat' dir='ltr'><strong>tinentem,</strong></span> <span class='ocrx_word' id='word_1_320' title='bbox 274 2314 309 2346; x_wconf 92' lang='lat' dir='ltr'><strong>in</strong></span> <span class='ocrx_word' id='word_1_321' title='bbox 325 2314 478 2347; x_wconf 79' lang='lat' dir='ltr'><strong>hostilem</strong></span> <span class='ocrx_word' id='word_1_322' title='bbox 495 2326 612 2357; x_wconf 80' lang='lat' dir='ltr'><strong>agrum</strong></span> <span class='ocrx_word' id='word_1_323' title='bbox 630 2315 778 2358; x_wconf 86' lang='lat' dir='ltr'><strong>jaculum</strong></span> <span class='ocrx_word' id='word_1_324' title='bbox 802 2315 948 2354; x_wconf 77' lang='lat' dir='ltr'><strong>immisit,</strong></span> <span class='ocrx_word' id='word_1_325' title='bbox 965 2315 1158 2359; x_wconf 78' lang='lat' dir='ltr'><strong>prinnisque</strong></span> <span class='ocrx_word' id='word_1_326' title='bbox 1175 2316 1216 2349; x_wconf 72' lang='lat' dir='ltr'><strong>«le</strong></span> <span class='ocrx_word' id='word_1_327' title='bbox 1233 2316 1311 2348; x_wconf 75' lang='lat' dir='ltr'><strong>navi</strong></span> <span class='ocrx_word' id='word_1_328' title='bbox 1328 2317 1430 2359; x_wconf 77' lang='lat' dir='ltr'><strong>prosi-</strong></span> 
     </span>
     <span class='ocr_line' id='line_1_35' title="bbox 83 2368 1429 2413; baseline 0.001 -13"><span class='ocrx_word' id='word_1_329' title='bbox 83 2368 167 2400; x_wconf 77' lang='lat' dir='ltr'><strong>liens</strong></span> <span class='ocrx_word' id='word_1_330' title='bbox 182 2369 269 2401; x_wconf 85' lang='lat' dir='ltr'><strong>Deos</strong></span> <span class='ocrx_word' id='word_1_331' title='bbox 285 2371 441 2411; x_wconf 81' lang='lat' dir='ltr'><strong>precatus</strong></span> <span class='ocrx_word' id='word_1_332' title='bbox 457 2372 515 2405; x_wconf 80' lang='lat' dir='ltr'><strong>est,</strong></span> <span class='ocrx_word' id='word_1_333' title='bbox 533 2380 573 2399; x_wconf 72' lang='lat' dir='ltr'><strong>ne</strong></span> <span class='ocrx_word' id='word_1_334' title='bbox 590 2380 623 2400; x_wconf 81' lang='lat' dir='ltr'><strong>sc</strong></span> <span class='ocrx_word' id='word_1_335' title='bbox 640 2380 751 2408; x_wconf 63' lang='lat' dir='ltr'><strong>regem</strong></span> <span class='ocrx_word' id='word_1_336' title='bbox 776 2368 838 2400; x_wconf 78' lang='lat' dir='ltr'><strong>illa·</strong></span> <span class='ocrx_word' id='word_1_337' title='bbox 855 2373 951 2401; x_wconf 62' lang='lat' dir='ltr'><strong>terra*</strong></span> <span class='ocrx_word' id='word_1_338' title='bbox 975 2369 1118 2401; x_wconf 75' lang='lat' dir='ltr'><strong>invitum</strong></span> <span class='ocrx_word' id='word_1_339' title='bbox 1144 2370 1343 2413; x_wconf 73' lang='lat' dir='ltr'><strong>acciperent.</strong></span> <span class='ocrx_word' id='word_1_340' title='bbox 1390 2372 1429 2403; x_wconf 92' lang='lat' dir='ltr'><strong>In</strong></span> 
     </span>
     <span class='ocr_line' id='line_1_36' title="bbox 83 2421 1426 2467; baseline 0.001 -12"><span class='ocrx_word' id='word_1_341' title='bbox 83 2422 145 2455; x_wconf 79' lang='lat' dir='ltr'><strong>Ilio</strong></span> <span class='ocrx_word' id='word_1_342' title='bbox 162 2433 295 2465; x_wconf 84' lang='lat' dir='ltr'><strong>quoque</strong></span> <span class='ocrx_word' id='word_1_343' title='bbox 308 2422 350 2454; x_wconf 85' lang='lat' dir='ltr'><strong>ad</strong></span> <span class='ocrx_word' id='word_1_344' title='bbox 364 2422 507 2453; x_wconf 70' lang='lat' dir='ltr'><strong>tumulos</strong></span> <span class='ocrx_word' id='word_1_345' title='bbox 523 2421 670 2459; x_wconf 68' lang='lat' dir='ltr'><strong>heroum,</strong></span> <span class='ocrx_word' id='word_1_346' title='bbox 684 2421 742 2465; x_wconf 77' lang='lat' dir='ltr'><strong>qui</strong></span> <span class='ocrx_word' id='word_1_347' title='bbox 755 2423 895 2465; x_wconf 77' lang='lat' dir='ltr'><strong>Trojano</strong></span> <span class='ocrx_word' id='word_1_348' title='bbox 912 2423 999 2455; x_wconf 70' lang='lat' dir='ltr'><strong>bello</strong></span> <span class='ocrx_word' id='word_1_349' title='bbox 1011 2423 1212 2459; x_wconf 72' lang='lat' dir='ltr'><strong>ceri-lerant,</strong></span> <span class='ocrx_word' id='word_1_350' title='bbox 1226 2423 1426 2467; x_wconf 73' lang='lat' dir='ltr'><strong>parentavit.</strong></span> 
     </span>
     <span class='ocr_line' id='line_1_37' title="bbox 93 2475 1429 2522; baseline 0.001 -13"><span class='ocrx_word' id='word_1_351' title='bbox 93 2478 139 2509; x_wconf 80' lang='lat' dir='ltr'><strong>Ex</strong></span> <span class='ocrx_word' id='word_1_352' title='bbox 156 2475 218 2509; x_wconf 87' lang='lat' dir='ltr'><strong>Ilio</strong></span> <span class='ocrx_word' id='word_1_353' title='bbox 234 2475 526 2515; x_wconf 80' lang='lat' dir='ltr'><strong>rexArisl›e11,11l›i</strong></span> <span class='ocrx_word' id='word_1_354' title='bbox 543 2481 651 2509; x_wconf 79' lang='lat' dir='ltr'><strong>castra</strong></span> <span class='ocrx_word' id='word_1_355' title='bbox 669 2477 826 2516; x_wconf 66' lang='lat' dir='ltr'><strong>habebat,</strong></span> <span class='ocrx_word' id='word_1_356' title='bbox 844 2477 980 2510; x_wconf 73' lang='lat' dir='ltr'><strong>revertit</strong></span> <span class='ocrx_word' id='word_1_357' title='bbox 994 2490 1000 2510; x_wconf 90' lang='lat'>:</span> <span class='ocrx_word' id='word_1_358' title='bbox 1020 2477 1096 2511; x_wconf 80' lang='lat' dir='ltr'><strong>inde</strong></span> <span class='ocrx_word' id='word_1_359' title='bbox 1114 2480 1332 2522; x_wconf 82' lang='lat' dir='ltr'><strong>Lampsacum</strong></span> <span class='ocrx_word' id='word_1_360' title='bbox 1349 2489 1429 2522; x_wconf 68' lang='lat' dir='ltr'><strong>prse-</strong></span> 
     </span>
    </p>
   </div>
  </div>
 </body>
</html>
