1583 2680
428 180 591 206 mnsr.
633 180 728 206 V11.
773 180 884 206 CAP.
929 181 1020 206 vu.
1325 171 1396 208 103

55 272 303 311 lacessebant.
362 272 453 322 Ipse
473 285 548 310 non
568 272 746 310 insistere
776 272 816 311 in
848 275 963 323 terra,
981 285 1057 310 non
1086 285 1182 324 equo
1201 273 1300 321 vehi,
1320 287 1394 312 non

53 336 204 384 docere,
234 349 311 374 non
343 335 490 374 hortari
521 348 611 374 suos
644 341 807 387 poterat.
864 336 1040 387 Ancipiti
1072 335 1244 386 periculo
1272 336 1396 387 impli-

51 399 164 446 citus,
198 398 302 436 Deos
331 411 481 450 quoque
515 398 703 447 incusans,
737 398 970 450 querebatur
999 411 1039 437 sc
1068 401 1196 449 jacere
1227 412 1392 451 segnem,

51 463 161 512 cujus
181 461 422 500 velocitatem
454 474 563 498 nemo
585 463 698 499 antea
717 461 905 500 valuisset
934 462 1110 513 effugere.
1170 463 1182 480 ⁶
1199 462 1280 500 Vix
1306 475 1393 501 suos

49 525 205 562 credere
234 537 310 562 non
341 524 516 562 simulari
535 525 803 562 valetudinem.
861 525 1001 577 Itaque
1019 525 1086 576 qui
1114 530 1201 576 post
1230 525 1392 563 Darium

51 588 191 625 victum
211 587 351 625 ariolos
366 593 405 625 et
424 593 531 625 vates
559 588 756 626 consulere
787 587 964 637 desierat,
983 589 1121 627 rursus
1142 589 1192 626 ad
1211 590 1389 639 supersti-

49 650 194 688 tionem
228 651 478 688 humanarum
517 651 704 688 mentium
735 651 933 690 “ludibria
968 651 1177 701 revolutus,
1216 652 1388 689 Aristan·

48 713 170 763 drum,
203 714 265 751 cui
298 713 566 751 credulitatem
600 727 708 751 suain
741 714 955 764 addixerat,
976 715 1175 766 explorare
1211 721 1390 753 eventum

46 790 173 814 rerum
194 777 386 814 sacrificiis
401 777 523 827 jubet.

125 843 185 877 529.
218 840 305 878 Mos
336 845 418 878 erat
447 840 687 890 aruspicibus
718 845 806 878 exta
843 840 952 878 'sine
990 840 1099 891 Rege
1137 846 1321 891 spectare,
1351 846 1390 879 ct

43 916 127 954 quae
157 902 486 953 portenderentur,
505 902 660 940 referre.
717 902 827 942 Inter
857 902 938 941 haec
956 903 1054 952 Rex,
1075 902 1165 941 dum
1192 903 1299 942 fibris
1326 916 1387 954 pe-

43 966 182 1003 cudum
215 965 461 1016 explorantur
491 969 651 1003 eventus
682 965 885 1004 latentium
917 979 1057 1015 rerum,
1076 967 1236 1017 propius
1263 967 1388 1017 ipsum

42 1028 234 1066 considere
266 1029 404 1065 amieos
432 1027 555 1077 jubet,
585 1028 655 1065 ⁸ne
685 1029 926 1066 contentione
958 1029 1061 1067 vocis
1093 1029 1307 1068 cicatricem
1333 1030 1388 1067 in-

41 1094 188 1129 firmam
216 1091 338 1128 adhuc
369 1095 572 1140 rumperet.
630 1090 894 1141 Hephaestion,
916 1090 1108 1141 Craterus,
1129 1098 1168 1130 et
1201 1093 1388 1144 Erigyius

39 1159 148 1193 crant
176 1167 262 1192 cum
291 1153 514 1192 custodibus
550 1153 591 1190 in
626 1153 912 1192 tabernaculum
942 1154 1110 1193 admissi.
1177 1156 1189 1173 ⁹
1206 1158 1227 1177 “
1245 1156 1386 1194 Discri-

40 1218 165 1266 men‚”
184 1217 320 1269 inquit,
342 1220 362 1238 ‘⁴
377 1229 436 1254 me
463 1215 673 1266 occupavit,
692 1216 852 1255 meliore
870 1216 1036 1254 hostium
1054 1219 1169 1268 quam
1186 1231 1268 1256 meo
1296 1224 1386 1257 tcm-

39 1293 139 1331 pore.
197 1280 274 1320 Sed
303 1279 510 1318 necessitas
542 1283 630 1317 ante
665 1279 853 1317 rationem
889 1285 971 1329 est;
1013 1281 1180 1318 maxime
1210 1281 1250 1318 in
1269 1281 1383 1332 bello,

36 1357 111 1395 quo
142 1344 229 1381 raro
259 1342 497 1394 permittitur
527 1347 698 1392 tempora
734 1341 886 1394 eligere.
955 1342 1140 1382 Defecere
1170 1343 1383 1396 Bactriani,

37 1406 76 1444 in
87 1419 254 1462 'quorum
283 1406 493 1445 cervicibus
525 1411 682 1454 stamus,
703 1410 743 1443 et
773 1410 961 1456 quantum
987 1406 1027 1443 in
1053 1407 1164 1445 nobis
1183 1408 1301 1446 animi
1321 1409 1382 1457 sit,

39 1471 60 1487 ¹⁰
71 1470 193 1508 alieno
230 1469 358 1508 Marte
400 1469 656 1519 experiuntur.
731 1469 851 1507 Haud
894 1469 1021 1518 dubie,
1065 1470 1099 1508 si
1146 1471 1384 1509 omiserimus

37 1531 198 1582 Scythas
227 1531 332 1569 ultro
361 1544 466 1569 arma
489 1531 704 1579 inferentes,
725 1532 929 1582 contempti
947 1532 997 1570 ad
1024 1532 1125 1581 illos,
1144 1534 1211 1584 qui
1239 1534 1381 1573 defece-

36 1599 136 1643 runt,
167 1599 406 1633 revertemur.
476 1593 520 1632 Si
550 1595 639 1631 vero
673 1593 836 1631 Tanaim
870 1594 1144 1644 transierimus,
1172 1601 1211 1633 et
1238 1597 1378 1648 ubique

35 1657 196 1695 invictos
223 1669 305 1695 esse
333 1669 403 1694 nos
433 1655 662 1706 Scytharum
691 1655 858 1706 pernicie
887 1669 930 1693 ac
961 1657 1143 1708 sanguine
1173 1659 1380 1698 ostenderi-

34 1733 137 1771 mus;
167 1720 254 1771 quis
272 1719 462 1758 dubitabit
480 1723 609 1769 patere
627 1719 741 1756 etiam
760 1718 956 1770 Europam
974 1719 1185 1759 victoribus
1199 1721 1217 1758 ⁴?
1262 1722 1379 1760 Falli-

34 1788 108 1832 tur,
127 1783 192 1834 qui
212 1782 393 1820 terminos
411 1781 546 1833 gloriae
562 1786 704 1820 nostrae
721 1781 880 1820 metitur
899 1782 1034 1832 spatio,
1053 1783 1154 1833 quod
1174 1784 1377 1824 transituri

31 1858 171 1884 sumus.
227 1845 337 1884 Unus
364 1844 484 1882 amnis
511 1844 708 1893 interfluit,
736 1857 848 1895 quem
880 1844 914 1882 si
941 1845 1165 1895 trajicimus,
1185 1846 1224 1883 in
1255 1846 1378 1886 Euro-

30 1922 119 1960 pam
154 1921 260 1947 arma
294 1907 531 1959 proferimus.
607 1907 662 1946 Et
697 1908 830 1959 quanti
872 1907 1142 1946 aestimandum
1177 1914 1247 1958 cst,
1286 1910 1375 1948 dum

31 1973 168 2011 Asiam
196 1971 417 2023 subigimus,
437 1971 477 2009 in
506 1970 581 2009 alio
607 1969 883 2022 quodammodo
902 1971 992 2010 orbe
1023 1976 1167 2022 tropaea
1194 1977 1374 2023 statuere,

30 2039 70 2073 et
100 2047 185 2086 quae
215 2039 296 2072 tam
326 2034 439 2086 longo
471 2034 675 2072 intervallo
707 2039 845 2071 natura
873 2033 1026 2072 videtur
1059 2035 1266 2085 diremisse,
1297 2039 1374 2074 una

29 2097 193 2136 victoria
211 2096 338 2135 subito
359 2096 663 2135 ¹¹committcre?
717 2097 774 2134 At
802 2096 956 2134 hercule
982 2097 1016 2135 si
1044 2097 1239 2148 paululum
1256 2110 1373 2136 cessa-

29 2160 207 2208 verimus,
231 2159 273 2197 in
289 2159 408 2210 tergis
436 2159 577 2198 nostris
606 2159 760 2210 Scythae
790 2159 1000 2199 haerebunt.
1055 2161 1121 2198 An
1138 2160 1209 2199 soli
1229 2173 1371 2210 sumus,

27 2224 92 2275 qui
125 2223 281 2260 flumina
322 2226 518 2260 transnare
562 2221 794 2273 possumus?
866 2222 996 2261 Multa
1040 2223 1080 2260 in
1121 2225 1372 2274 nosmetipsos

30 2285 247 2332 ¹²recident,
268 2285 291 2303 ¹³
304 2284 443 2335 quibus
461 2284 582 2323 adhuc
595 2285 766 2324 vicimus
814 2285 985 2324 Fortuna
1002 2285 1094 2324 belli
1114 2291 1234 2324 artem
1252 2287 1371 2324 victos

25 2361 173 2401 quoque
193 2348 311 2386 docet.
367 2346 528 2386 Utribus
557 2360 705 2386 amnem
733 2348 953 2398 trajiciendi
981 2349 1194 2399 exemplum
1212 2349 1370 2386 fecimus

24 2425 154 2462 nuper.
222 2411 308 2449 Hoc
342 2410 423 2448 ¹‘ut
460 2409 612 2460 Scythae
642 2410 790 2449 imitari
817 2411 1002 2460 nesciant,
1035 2411 1232 2449 Bactriani
1265 2411 1369 2448 doce-

23 2475 128 2513 bunt.
185 2474 380 2512 Praeterea
414 2472 549 2509 ¹⁵unus
579 2473 704 2523 gentis
735 2473 850 2522 hujus
877 2473 1000 2512 adhuc
1029 2473 1216 2511 exercitus
1250 2472 1366 2521 venit,

665 2532 688 2569 8
