1583 2680
111 163 189 201 204
335 164 339 168 '
573 174 758 205 QUINTI
799 173 984 199 cunTn

111 267 308 315 absistere,
341 267 442 304 fama
470 266 704 317 vulgaverat.
777 265 938 316 Inopem
975 264 1125 303 consilii
1171 264 1445 314 Alexandrum,

110 330 201 381 quia
218 329 387 380 undique
408 342 577 379 praeceps
605 334 644 367 et
677 329 842 379 abrupta
869 341 984 379 rupes
1013 333 1106 377 erat,
1128 328 1137 346 ¹
1154 328 1280 366 senior
1298 328 1450 379 quidan:

110 393 256 443 peritus
293 393 463 430 locorum
496 405 581 430 cum
619 392 768 431 duobus
800 392 890 430 filiis
923 392 1030 440 adiit,
1061 391 1121 430 ἐἰ
1150 392 1316 442 pretium
1349 391 1452 441 operi

111 460 222 504 esset,
244 455 391 493 aditum
426 468 466 493 se
494 459 797 493 monstraturum
831 468 914 492 esse
946 454 1185 505 promittens.
1248 454 1456 505 Octoginta

111 519 255 556 talenta
275 519 478 557 constituit
498 518 680 556 daturum
708 517 945 563 Alexander,
966 522 1006 555 et
1037 517 1157 555 altero
1177 530 1225 555 ex
1249 517 1455 567 juvenibus

111 581 244 620 obside
272 586 435 629 retento,
455 581 581 631 ipsum
601 581 650 618 ad
679 580 934 632 exsequenda,
955 593 1041 631 quae
1069 580 1275 627 obtulerat,
1297 580 1455 617 dimisit.

114 645 269 683 Leviter
289 645 445 682 armatis
476 644 554 681 dux
588 644 702 682 datus
722 648 781 681 est
816 643 1005 681 Mullinus
1026 643 1151 680 scriba
1179 643 1311 694 Regis.
1371 643 1457 680 Hos

113 708 213 746 enim
233 708 408 756 circuitu,
429 720 504 758 quo
523 707 704 744 fallerent
722 707 884 754 hostem,
905 707 946 743 in
966 719 1154 743 summum
1178 707 1317 756 jugum
1335 706 1457 755 placc-

113 771 181 809 bat
215 771 388 809 evadere.
448 770 565 807 Petra
596 782 672 806 non
704 774 750 806 ut
781 769 973 819 pleraeque
1006 767 1167 805 modieis
1201 781 1245 805 ae
1276 768 1458 806 mollibus

112 834 221 871 clivis
259 834 298 870 in
332 833 494 871 sublime
522 832 721 882 fastigium
758 831 907 879 crescit,
943 831 1010 869 sed
1048 831 1088 868 in
1121 831 1263 869 “metae
1296 831 1458 870 maxime

113 897 268 934 modum
301 904 429 933 erecta
466 900 550 932 est:
592 897 702 945 cujus
738 894 815 932 ima
852 894 1080 944 spatiosiora
1113 899 1215 943 sunt,
1246 894 1385 932 altiora
1419 895 1460 931 in

112 960 257 997 arctius
288 963 437 1008 coeunt,
458 971 604 996 summa
633 958 673 994 in
705 962 860 995 acutum
889 970 1071 995 cacumen
1104 962 1327 1009 exsurgunt.
1385 957 1460 995 Ra-

113 1024 217 1061 dices
238 1023 321 1072 ejus
342 1021 466 1060 Indus
493 1021 615 1059 amnis
634 1021 749 1069 subit,
769 1020 954 1071 praealtus
973 1020 1152 1072 utrinque
1181 1021 1326 1072 asperis
1352 1020 1457 1071 ripis.

115 1087 180 1124 Ab
210 1086 332 1124 altera
362 1090 483 1135 parte,
503 1085 730 1136 *voragines
761 1084 981 1135 eluviesque
1011 1089 1218 1135 praeruptae
1248 1088 1361 1132 sunt3
1391 1096 1461 1121 nec

113 1150 189 1187 alia
208 1149 451 1199 expugnandi
478 1148 636 1198 patebat
660 1148 733 1196 via,
755 1149 872 1198 quam
905 1152 950 1185 ut
979 1147 1232 1197 replerentur.
1289 1146 1356 1185 Ad
1384 1159 1460 1184 ma-

113 1227 204 1250 num
234 1213 344 1263 sylva
363 1217 458 1260 erat,
480 1225 595 1263 quam
621 1211 710 1249 Rex
743 1211 799 1248 ita
831 1210 928 1249 eaedi
953 1210 1084 1260 jussit,
1104 1215 1149 1248 ut
1180 1210 1275 1247 nudi
1308 1210 1461 1260 stipites

121 1278 366 1326 jacerentur:
395 1274 537 1325 quippe
569 1274 666 1311 rami
684 1273 820 1311 fronde
847 1273 981 1312 vestiti
1013 1273 1263 1323 imped1ssent
1282 1274 1458 1311 serentes.

115 1339 206 1389 Ipse
243 1337 392 1388 primus
426 1337 626 1374 ⁶truneam
663 1335 838 1374 arborem
873 1336 981 1385 jecit,
1014 1336 1229 1387 clamorque
1266 1335 1461 1374 exereitus

115 1401 232 1439 index
252 1400 465 1438 alacritatis
486 1405 639 1437 secutus
659 1404 730 1447 est,
751 1399 762 1416 ⁶
778 1399 886 1436 nullo
916 1399 1155 1437 detrectante
1183 1412 1334 1448 munus,
1357 1398 1461 1450 quod

116 1464 205 1502 Rex
225 1465 459 1513 occupasset.

196 1528 258 1564 37.
289 1525 402 1563 Intra
421 1524 626 1574 septimum
646 1523 749 1561 diem
768 1535 950 1561 cavernas
971 1523 1232 1573 expleverant,
1254 1524 1345 1561 cum
1373 1523 1462 1562 Rex

117 1589 349 1641 Sagittarios
384 1592 423 1625 et
451 1587 644 1637 Agrianos
674 1587 786 1636 jubet
817 1599 886 1636 per
916 1586 1037 1624 ardua
1069 1586 1154 1624 niti.
1213 1586 1464 1638 <Iuvenesque

115 1652 346 1691 fortissimos
366 1664 414 1689 cx
434 1653 505 1689 sua
526 1650 681 1688 cohorte
710 1649 898 1700 tringinta
917 1649 1073 1701 delegit.
1132 1649 1262 1688 Duces
1289 1649 1351 1688 his
1380 1650 1464 1688 dati

116 1721 205 1754 sunt
228 1715 388 1763 Charus,
404 1720 443 1752 et
464 1713 702 1761 Alexander,
718 1726 832 1764 quem
854 1713 942 1751 Rex
961 1713 1139 1760 nominis,
1160 1713 1264 1764 quod
1285 1713 1359 1752 sibi
1379 1726 1463 1750 cum

116 1794 159 1818 co
192 1791 390 1817 commune
424 1782 536 1825 esset,
558 1776 766 1815 admonuit.
825 1776 886 1814 Ae
914 1776 1054 1826 primo,
1076 1777 1167 1828 quia
1187 1781 1267 1813 tam
1286 1776 1462 1814 manifes-

117 1849 197 1880 tum
217 1841 431 1893 periculum
452 1845 544 1888 erat,
566 1840 691 1890 ipsum
713 1839 863 1890 Regem
893 1839 1097 1877 discrimen
1119 1839 1248 1877 subire
1267 1852 1342 1876 non
1361 1839 1372 1856 ⁷
1386 1838 1463 1889 pla·

116 1907 208 1944 cuit.
268 1905 347 1944 Sed
365 1909 409 1942 ut
437 1903 588 1954 signum
608 1902 704 1940 tuba
726 1902 858 1939 datum
879 1907 951 1950 est,
973 1902 1032 1940 vir
1064 1901 1234 1939 audacia}
1264 1907 1464 1952 promptae,

118 1981 322 2007 conversus
342 1967 391 2005 ad
420 1967 590 2017 eorporis
609 1964 800 2012 custodes,
821 1964 927 2015 sequi
947 1977 987 2002 se
1018 1964 1141 2014 jubet,
1162 1965 1384 2015 primusque
1412 1965 1463 2002 in-

120 2032 227 2070 vadit
247 2032 286 2068 iu
305 2044 450 2081 rupem.
509 2029 591 2067 Nec
612 2027 750 2066 deinde
771 2027 971 2079 quisquam
1001 2027 1255 2066 Macedonum
1275 2028 1464 2076 substitit,

119 2094 340 2144 relictisque
362 2092 592 2130 stationibus
614 2094 683 2129 suti.
704 2095 838 2140 sponte
869 2091 1017 2141 Regem
1038 2091 1308 2142 sequebantur.
1366 2090 1465 2129 Mul-

120 2162 247 2194 torum
276 2155 504 2193 miserabilis
525 2155 601 2192 fuit
621 2167 757 2202 easus;
787 2166 882 2204 quos
912 2167 958 2191 ex
986 2157 1184 2204 praeruptzi
1214 2167 1308 2204 rupe
1337 2153 1466 2204 lapsos

121 2219 243 2257 amnis
274 2219 536 2268 praeterssuens
568 2217 705 2254 hausit.
765 2216 918 2253 ‘Triste
954 2217 1214 2267 spectaculum
1248 2217 1363 2254 etiam
1391 2229 1466 2254 non

121 2281 439 2333 periclitantibus.
499 2280 599 2319 Cum
619 2282 710 2317 vero
733 2279 859 2317 alieno
880 2280 1012 2323 exitio,
1032 2280 1126 2330 quid
1146 2280 1240 2332 ipsis
1256 2278 1467 2317 timendum

122 2348 234 2394 foret,
268 2345 576 2390 admonerentur,
607 2343 645 2380 in
679 2348 825 2380 metum
860 2343 1124 2381 misericordiis
1155 2345 1377 2390 vers÷⁴1‚n0u
1407 2355 1467 2380 ex·

124 2410 277 2456 tinctos,
299 2407 365 2446 scd
386 2407 608 2457 semetipsos
630 2406 829 2443 deflebant.
891 2406 945 2443 Et
963 2408 1043 2455 jam
1061 2407 1105 2444 eo
1126 2410 1353 2456 perventum
1372 2410 1467 2452 erat,

126 2473 223 2511 undo
243 2472 324 2510 sine
344 2470 524 2522 pernicie,
546 2469 620 2507 nisi
642 2469 823 2516 victorem
845 2469 974 2507 redire
995 2482 1068 2507 non
1088 2473 1268 2519 posscnt;
1300 2466 1468 2518 ingentia
