1583 2680
465 149 628 174 LIBER,
665 148 790 174 ν111.
830 148 941 174 0111.
982 147 1047 174 1x.
1372 138 1442 176 197

100 243 201 281 enim
222 241 325 281 bella
343 246 531 289 constant,
554 242 577 259 ²⁰
590 246 629 279 et
649 254 750 293 saepe
769 241 885 280 etiam
906 241 1008 293 quod
1028 240 1125 279 falso
1153 240 1339 279 creditum
1373 247 1442 290 est,

99 306 180 345 veri
199 306 321 344 vicem
341 305 548 344 obtinuit.”

181 372 203 391 “
222 371 246 388 ¹¹
266 370 332 407 An
351 383 411 424 me
431 369 597 407 luxuriae
630 368 893 420 indulgentem
912 369 1058 420 putatis
1078 383 1184 408 arma
1201 374 1331 408 vestra
1350 383 1442 408 auro

99 437 334 484 argentoque
363 433 601 471 adornasse?
659 432 840 471 Assuetis
858 432 955 471 nihil
973 433 1091 472 vilius
1119 433 1193 471 hae
1212 433 1342 472 videre
1370 447 1444 471 ma-

100 495 200 533 teria
226 495 332 533 volui
367 494 580 542 ostendere,
613 494 855 543 Maccdonas,
886 495 1046 533 invictos
1077 495 1239 541 caeteris,
1273 509 1321 533 ne
1351 509 1444 534 auro

98 559 254 611 quidem
273 559 384 597 vinei.
446 558 590 598 Oculos
621 560 710 610 ergo
731 559 899 610 priml'lm
928 572 1060 598 eorum
1079 559 1236 598 sordida
1256 560 1382 598 omnia
1401 566 1441 598 et

98 623 260 660 humilia
279 623 534 673 spectantium
562 622 720 673 capiam,
741 627 780 660 et
813 622 956 661 docebo
989 636 1059 661 nos
1087 636 1164 662 non
1193 623 1276 661 auri
1303 627 1370 661 aut
1389 637 1443 661 ar-

97 687 205 737 genti
225 686 394 737 cupidos,
410 686 476 724 sed
497 685 627 724 orbem
647 691 837 724 terrarum
852 686 1078 724 subacturos
1097 687 1259 725 venisse.
1320 686 1443 732 Quam

97 749 258 800 gloriam
277 755 331 797 tu,
351 749 553 799 parricida,
574 749 801 800 intercipere
820 749 988 798 voluisti,
1009 754 1049 788 et
1069 750 1314 798 Macedonas,
1336 750 1446 802 Rege

99 812 292 862 adempto,
316 812 480 850 devietis
499 812 684 863 gentibus
704 812 879 851 dedere.‘’

179 878 201 896 “
220 876 277 912 At
309 888 410 912 nunc
429 888 559 913 mones
578 888 650 922 me,
670 880 715 913 ut
733 875 871 914 vestris
890 875 1114 926 parentibus
1134 889 1297 927 paream.
1356 875 1446 914 Non

98 938 300 989 oportebat
327 938 483 989 quidem
502 951 570 976 vos
599 938 707 986 scire,
728 939 822 990 quid
850 939 897 976 de
925 939 985 977 his
1015 939 1248 987 statuissem,
1268 940 1342 990 quo
1362 939 1444 976 tris-

98 1002 216 1040 tiores
241 1001 432 1051 periretis,
452 1001 485 1039 si
517 1015 592 1052 qua
613 1001 722 1040 vobis
751 1007 952 1052 parentum
981 1003 1164 1040 memoria
1191 1007 1230 1040 et
1257 1015 1348 1040 cura
1375 1007 1443 1040 est.

99 1064 177 1103 Sed
197 1064 288 1102 olim
321 1064 440 1102 istum
470 1077 615 1102 morem
635 1064 832 1102 occidendi
853 1077 939 1102 cum
971 1064 1143 1103 scelestis
1172 1065 1341 1103 insontes
1360 1077 1445 1116 pro-

98 1127 259 1178 pinquos
291 1131 548 1178 parentesque
580 1127 604 1144 ¹²
618 1126 738 1165 solvi:
778 1132 817 1164 et
849 1127 1029 1177 profiteor
1063 1128 1103 1165 in
1135 1128 1269 1166 eodem
1303 1128 1446 1167 honore

97 1192 249 1229 futuros
269 1203 399 1228 omnes
419 1203 496 1238 eos,
517 1190 556 1228 in
575 1203 650 1242 quo
669 1190 864 1228 fuerunt.'’

177 1254 318 1292 “Nam
343 1258 453 1292 tuum
475 1253 746 1301 Calisthenem,
767 1253 829 1291 cui
859 1253 927 1291 uni
961 1254 1018 1293 vir
1050 1254 1207 1303 videris,
1227 1255 1317 1306 quia
1345 1254 1445 1293 latro

96 1330 148 1365 es,
170 1317 248 1355 scio
268 1330 337 1355 eur
356 1317 517 1368 produci
535 1317 655 1366 velis;
685 1322 731 1355 ut
750 1330 877 1355 eoram
905 1317 965 1355 1113
985 1317 1136 1368 probra,
1157 1331 1244 1369 quae
1272 1318 1385 1356 modo
1406 1319 1444 1356 iu

96 1394 155 1419 me
172 1381 314 1431 jecisti,
333 1381 447 1419 modo
469 1381 626 1429 audisti,
647 1380 754 1418 illius
773 1393 924 1432 quoque
945 1394 1010 1419 ore
1030 1381 1257 1419 referantur.
1309 1381 1444 1430 Quem,

97 1445 130 1482 si
164 1444 326 1483 Macedo
361 1450 473 1495 esset,
504 1449 630 1482 tecum
663 1444 975 1492 introduxissem,
997 1444 1266 1495 dignissimum
1299 1450 1338 1483 te
1371 1445 1444 1483 dis-

96 1508 223 1558 cipulo
242 1508 482 1559 magistrum.
539 1508 576 1546 N
581 1520 654 1545 unc
678 1507 866 1557 Olynthio
885 1520 962 1545 non
981 1508 1084 1546 idem
1100 1509 1202 1558 juris
1221 1509 1321 1546 est.’'

177 1571 274 1608 Post
292 1571 374 1609 haee
393 1570 595 1609 concilium
615 1570 774 1618 dimisit,
795 1570 972 1621 tradique
993 1570 1192 1609 damnatos
1211 1571 1441 1620 hominibus,

99 1633 162 1685 qui
195 1647 242 1672 ex
262 1634 398 1672 eadem
431 1633 586 1671 cohorte
606 1637 726 1681 erant,
744 1633 872 1682 jussit.
931 1632 1010 1681 Illi,
1030 1638 1076 1670 ut
1102 1634 1217 1672 fidem
1246 1648 1354 1672 suam
1376 1648 1442 1673 sae-

96 1697 191 1735 vitia
220 1697 323 1748 Regi
343 1696 610 1747 approbarent,
631 1697 869 1734 excruciatos
896 1701 1142 1734 necaverunt.
1202 1695 1443 1735 Calisthenes

95 1773 246 1812 quoque
265 1765 393 1798 tortus
413 1759 574 1808 interiit,
596 1759 619 1777 ¹³
633 1759 721 1797 initi
740 1758 890 1797 consilii
909 1759 949 1796 111
967 1764 1081 1809 caput
1102 1759 1223 1810 Regis
1243 1759 1441 1798 innoxius:

95 1824 164 1862 sed
196 1823 489 1875 haudquaquam
519 1823 618 1861 aulae
638 1827 678 1861 et
706 1822 1020 1861 ¹⁴assentantium
1049 1822 1360 1861 accommodatus
1389 1823 1443 1860 in-

94 1887 217 1939 genio.
275 1887 415 1938 Itaque
447 1886 593 1925 nullius
623 1885 746 1925 caedes
779 1888 963 1936 majorem
997 1886 1098 1937 apud
1130 1885 1288 1925 Graeeos
1322 1886 1441 1924 Alex-

95 1951 214 1989 andro
245 1950 430 1989 excitavit·
462 1949 662 1997 invidiam,
696 1949 799 2001 qued
835 1949 1056 2000 praeditum,
1079 1949 1234 2000 optimis
1270 1949 1440 1988 moribus

95 2014 329 2065 artibusque,
357 2027 380 2051 a
415 2027 489 2065 quo
525 2017 725 2052 revocatus
755 2012 804 2050 ad
836 2013 956 2051 vitam
989 2016 1083 2060 erat,
1113 2013 1203 2050 clim
1237 2012 1440 2051 interfecto

98 2076 201 2115 Clito
238 2077 336 2115 mori
372 2081 646 2127 perseveraret,
683 2089 759 2114 non
797 2076 951 2113 tantum
989 2075 1187 2124 occiderit,
1219 2075 1288 2114 sed
1321 2076 1439 2114 etiam

98 2140 263 2188 torserit,
308 2140 454 2178 indicta
491 2140 647 2191 quidem
688 2141 812 2176 eausa.
872 2138 995 2184 Quam
1043 2138 1313 2178 crudelitatem
1354 2153 1438 2178 sera

94 2203 320 2254 poenitentia
339 2208 542 2241 consecuta
561 2207 631 2241 est.

175 2266 248 2304 IX.
280 2269 340 2304 28.
372 2266 450 2305 Sed
482 2279 528 2303 ne
559 2265 680 2303 otium
699 2265 866 2304 ferendis
896 2265 1113 2304 rumoribus
1140 2270 1272 2304 natum
1305 2266 1438 2314 aleret,

96 2343 133 2366 111
161 2329 312 2367 Indiam
340 2329 471 2377 movit,
493 2341 641 2379 semper
671 2328 771 2368 bello
790 2329 907 2380 quam
941 2334 1029 2379 post
1055 2330 1255 2368 victoriam
1283 2329 1434 2367 clarior.

97 2393 236 2431 'India
266 2398 348 2430 tota
375 2393 494 2430 ferme
524 2397 672 2442 spectat
704 2391 917 2441 Orientem,
947 2393 1075 2431 minus
1106 2393 1143 2430 in
1176 2392 1422 2430 latitudinem

96 2462 208 2507 quam
242 2459 347 2494 recta
378 2456 529 2507 regione
563 2455 738 2506 spatiosa.
796 2455 917 2502 ’Quae
947 2458 1136 2494 Austrum
1167 2455 1373 2506 accipiunt,
1396 2454 1434 2492 in
