1583 2680
484 152 645 179 menn
681 152 750 178 ιν.
793 151 905 178 CAP.
949 151 1004 176 11.
1366 141 1416 178 37

71 246 217 287 bantur.
275 246 351 286 Sed
368 245 512 285 leviora
530 245 631 285 inter
657 245 745 283 illos
762 244 871 282 fuere
891 243 1136 282 discrimina:
1165 243 1189 261 ⁴⁰
1203 256 1320 281 unum
1340 257 1416 282 cer-

71 315 208 358 tamen,
229 323 276 348 ex
293 322 367 361 quo
386 313 521 348 caetera
538 307 766 359 pendebant,
786 305 957 345 intuente
975 307 1140 345 fortuna.

151 373 209 412 11.
240 375 273 411 7.
314 373 420 425 Jam.
441 376 523 410 tota
560 371 683 423 Syria,
720 372 801 421 jam
837 371 1017 409 Phoenice
1051 383 1211 421 quoque,
1258 372 1415 419 excepta

73 437 186 487 Tyro,
209 435 459 474 Macedonum
488 439 593 473 erat:
622 434 859 485 habebatque
888 433 976 472 Rex
994 439 1119 471 castra
1137 433 1177 470 in
1196 432 1413 481 continenti,

71 514 94 538 a
111 512 183 551 quo
202 499 336 538 urbem
355 503 556 550 angustum
583 498 726 536 fretum
758 497 913 536 dirimit.
971 497 1098 548 Tyrus
1117 502 1155 535 et
1173 497 1349 535 claritate
1377 503 1415 535 et

70 563 330 616 magnitudine
366 567 454 600 ante
494 575 620 601 omnes
666 561 776 600 urbes
815 561 938 612 Syriae
974 561 1245 613 Phoenicesque
1280 575 1413 599 memo-

70 627 215 675 rabilis,
229 626 384 664 facilius
399 625 617 664 societatem
632 625 848 663 Alexandri
862 629 1059 675 acceptura
1072 624 1286 673 videbatur,
1299 628 1412 676 quam

70 690 278 741 imperium.
336 689 524 729 Coronam
553 688 672 740 igitur
701 701 854 726 auream
882 688 1002 740 legati
1031 688 1169 727 donum
1197 689 1412 736 afferebant,

71 757 374 803 commeatusque
409 752 514 803 large
552 757 592 789 et
626 751 871 802 hospitaliter
907 764 955 790 ex
993 752 1129 802 oppido
1170 752 1411 790 advexerant.

72 815 146 853 Ille
175 815 284 863 dona,
303 820 347 852 ut
378 815 425 852 ab
455 814 600 862 amicis,
619 814 737 864 accipi
761 814 890 863 jussit,
910 814 1142 866 benigneque
1160 815 1305 866 legatos
1323 815 1413 852 allo-

70 883 192 926 cutus,
213 877 385 925 Herculi,
405 890 516 928 quem
545 877 735 927 praecipuo
756 877 864 927 Tyrii
893 877 1070 925 colerent,
1091 878 1298 916 sacrificare
1317 878 1414 916 velle

71 954 110 978 se
140 940 264 978 dixit:
297 940 548 978 Macedonum
577 940 702 991 Reges
721 940 874 978 credere
904 939 952 978 ab
978 940 1045 978 illo
1065 940 1148 978 Deo
1168 941 1268 991 ipsos
1295 955 1414 993 genus

70 1004 228 1041 ducere:
258 1016 298 1041 se
327 1004 427 1051 vero,
455 1007 500 1040 ut
528 1002 569 1040 id
597 1003 747 1051 faceret,
779 1003 895 1040 etiam
922 1003 1071 1041 oraculo
1090 1004 1285 1043 monitum.
1343 1004 1413 1042 Le-

69 1067 151 1119 gati
179 1065 418 1117 respondent,
449 1078 531 1103 esse
563 1066 747 1115 templum
779 1065 959 1103 Herculis
993 1071 1103 1103 extra
1130 1067 1277 1115 urbem,
1298 1067 1338 1105 in
1367 1071 1412 1106 cai

69 1130 158 1168 sede
188 1143 301 1181 quam
333 1128 552 1179 Palaetyron
581 1128 655 1179 ipsi
681 1133 841 1167 vocant:
881 1128 945 1167 Ibi
975 1128 1125 1181 Regem
1155 1129 1236 1167 Deo
1266 1143 1414 1168 sacrum

70 1193 146 1231 rite
183 1193 382 1230 facturum.
439 1191 529 1230 Non
557 1191 682 1229 tenuit
713 1192 808 1230 iram
840 1191 1074 1241 Alexander,
1107 1194 1216 1243 eujus
1247 1193 1412 1244 alioquin

70 1257 228 1307 ¹potens
246 1268 323 1294 non
343 1260 434 1294 erat.
490 1255 665 1306 ²Itaque,
696 1255 819 1293 “Vos
851 1256 1043 1307 quidem,’'
1073 1256 1209 1307 inquit,
1240 1257 1413 1294 “fiducia

68 1319 156 1368 loci,
175 1319 276 1370 quod
307 1318 472 1356 insulam
502 1318 685 1367 incolitis,
704 1319 922 1369 pedestrem
948 1319 1049 1357 hunc
1075 1320 1283 1358 exercitum
1313 1332 1412 1371 sper-

67 1383 185 1421 nitis:
215 1382 280 1421 sed
311 1382 419 1421 brevi
447 1382 656 1431 ostendam,
689 1382 730 1420 in
760 1383 970 1421 continenti
997 1396 1065 1422 vos
1093 1397 1185 1422 esse.
1243 1384 1412 1422 Proinde

69 1447 201 1484 sciatis
233 1446 335 1495 licet,
368 1450 436 1484 aut
467 1446 697 1484 intraturum
724 1458 783 1484 me
810 1446 956 1495 urbem,
976 1452 1044 1485 aut
1071 1449 1412 1499 oppugnaturum.’'

71 1509 166 1549 Cum
183 1509 254 1548 hoc
272 1522 450 1560 responso
471 1509 648 1547 dimissos
667 1522 817 1548 monere
835 1510 947 1548 amici
965 1515 1170 1561 coepcrunt,
1190 1516 1234 1548 ut
1252 1511 1411 1562 Regem,

68 1585 180 1623 quem
217 1573 342 1623 Syria,
378 1586 488 1623 quem
524 1572 706 1610 Phoenice
742 1573 957 1622 recepisset,
996 1574 1069 1624 ipsi
1105 1587 1252 1625 quoquc
1279 1575 1411 1613 urbem

69 1636 211 1673 intrare
229 1640 458 1686 paterentur.
516 1635 572 1672 At
591 1635 662 1682 illi,
681 1634 762 1673 loco
783 1636 875 1673 satis
889 1636 960 1684 fisi,
980 1637 1214 1675 obsidionem
1232 1638 1333 1676 ferre
1353 1638 1411 1675 de-

67 1703 274 1737 creverunt.

147 1764 182 1800 8.
212 1760 386 1812 Namque
418 1760 550 1799 urbem
568 1774 590 1798 a
608 1761 817 1800 continenti
835 1767 1000 1813 quatuor
1031 1763 1240 1801 stadiorum
1268 1763 1409 1802 fretum

67 1824 218 1874 dividit,
255 1824 389 1863 Africo
420 1824 587 1862 maxime
620 1824 819 1874 objectum,
849 1825 1000 1864 crebros
1027 1839 1074 1864 ex
1102 1826 1182 1865 alto
1208 1828 1345 1866 fluctus
1374 1828 1411 1865 in

67 1887 179 1925 littus
197 1887 403 1936 'volventi,
432 1899 501 1925 nec
532 1887 777 1938 ⁴occipiendo
797 1888 914 1938 operi,
934 1901 1006 1940 quc
1037 1889 1265 1928 Macedones
1293 1892 1410 1929 conti-

69 1951 176 1988 nenti
204 1950 369 1988 insulam
393 1951 552 2002 jungere
579 1951 777 2000 parabant,
803 1951 1011 2003 quidquam
1039 1952 1174 2004 magis,
1201 1955 1315 2004 quam
1346 1954 1411 1993 ille

68 2017 216 2062 ventus,
247 2013 433 2054 obstabat.
492 2012 640 2064 Quippe>
660 2014 726 2053 vix
743 2014 820 2053 leni
851 2019 890 2053 et
919 2016 1125 2067 tranquillo
1153 2017 1263 2065 mari,
1292 2017 1411 2055 moles

70 2075 133 2126 agi
167 2080 347 2126 possunt:
393 2075 551 2114 Africus
589 2078 680 2115 vero
720 2077 843 2127 prima
879 2091 1037 2130 quaeque
1072 2085 1261 2131 congesta,
1298 2080 1410 2130 pulsu

68 2137 181 2187 illisa,
216 2139 313 2177 mari
349 2139 521 2178 subruit:
562 2152 631 2178 nec
658 2140 739 2178 ulla
774 2145 852 2178 tam
887 2141 995 2179 firma
1029 2142 1148 2180 moles
1185 2147 1254 2191 est,
1291 2144 1405 2194 quam

68 2214 144 2238 non
163 2201 355 2240 ‘exedant
385 2202 511 2251 undae,
531 2207 570 2241 et
600 2216 668 2253 per
685 2216 803 2241 nexus
836 2217 990 2254 operum
1021 2209 1228 2254 manantes,
1263 2211 1313 2253 et,
1343 2206 1409 2243 ubi

69 2263 191 2301 acrior
209 2263 320 2303 flatus
338 2265 499 2314 exstitit,
518 2266 653 2304 summi
673 2266 796 2316 operis
810 2267 967 2319 fastigio
987 2268 1203 2318 superfusae.
1260 2269 1408 2306 Praeter

67 2327 164 2365 hane
200 2326 472 2377 difficultatem,
508 2328 612 2367 haud
647 2330 769 2368 minor
800 2330 878 2368 alia
908 2335 1014 2369 erat:
1055 2344 1183 2369 muros
1213 2336 1408 2381 turresque

67 2390 173 2429 urbis
192 2389 389 2441 praealtum
406 2404 509 2429 mare
527 2392 724 2431 ambiebat.
768 2393 780 2410 ⁶
795 2393 883 2431 Non
898 2398 1097 2442 tormenta,
1117 2394 1190 2431 nisi
1210 2407 1229 2431 c
1248 2393 1407 2431 navibus

67 2453 198 2497 procul
217 2465 385 2502 excussa,
405 2453 523 2502 mitti,
553 2467 629 2493 non
657 2455 769 2494 scalae
797 2456 980 2495 moenibus
1009 2456 1190 2506 applicari
1218 2460 1404 2505 poterant„
