1583 2680
157 149 228 186 138
454 160 460 166 ·
616 161 798 193 QUINTI
834 161 1019 187 CURTII

150 251 374 290 custodibus
411 251 564 291 initium
600 253 755 302 factum,
787 253 1051 302 clamantibus,
1085 252 1373 304 discerpendum
1408 265 1488 291 esso

148 314 374 364 parricidam
393 316 567 355 manibus
586 329 725 355 eorum.
781 316 831 355 Id
849 316 1001 367 quidem
1019 316 1208 365 Philotas,
1225 316 1290 367 qui
1315 317 1489 368 graviora.

149 378 337 428 supplicia
354 383 550 427 metueret,
571 379 671 416 haud
691 379 781 417 sane
801 380 930 430 iniquo
950 380 1072 417 animo
1099 379 1287 418 audiebat.
1343 379 1430 417 Rex
1449 379 1488 416 in

147 441 362 478 concionem
380 455 566 490 reversus,
587 443 665 480 sive
684 446 728 479 ut
757 442 796 479 in
817 442 991 480 custodia
1010 455 1156 494 quoque
1185 446 1388 493 torqueret,
1409 441 1487 479 sive

146 507 190 540 ut
209 503 432 555 diligentius
451 509 584 542 cuncta
604 510 854 556 cognosceret,
876 505 1078 543 concilium
1107 505 1147 542 in
1174 510 1368 555 posterum
1388 504 1488 541 diem

146 566 313 616 distulit;
335 571 373 605 et
385 581 598 619 quanquam
613 568 653 606 in
667 580 862 618 vesperam
875 568 1084 607 inclinabat
1099 568 1192 616 dies,
1209 571 1335 605 tamen
1350 567 1488 603 amieos

145 631 342 668 convocari
357 631 466 680 jubet
481 644 490 668 τ
519 635 556 669 et
575 631 724 669 caeteris
742 631 896 682 quidem
914 630 1098 681 placebat,
1113 630 1367 668 Macedonum
1385 642 1488 666 more

146 691 255 730 obrui
275 693 386 732 saxis.
462 693 714 743 Hephaestion
741 697 868 731 autem
888 699 927 731 et
957 692 1150 741 Craterus,
1170 696 1208 730 et
1237 691 1384 740 Coenus,
1414 697 1488 729 tor-

145 756 282 792 mentis
297 756 498 793 veritatem
516 756 803 806 exprimendam
833 768 915 793 esse
946 755 1147 792 dixerunt:
1177 758 1215 792 et
1243 754 1304 792 illi
1330 767 1487 806 quoque,

143 817 208 867 qui
237 817 342 854 aliud
362 823 571 866 suaserant,
591 818 631 855 in
653 818 789 856 horum
818 818 1044 856 sententiam
1063 819 1075 836 ⁹
1091 821 1301 856 transeunt.

223 882 282 918 31.
315 879 486 918 Concilio
515 881 605 931 ergo
639 880 807 930 dimisso,
839 880 1095 931 Hephaestion
1124 893 1212 918 011111
1245 879 1404 920 Cratero
1451 884 1490 917 et

144 942 258 980 Coeno
279 943 327 980 ad
345 943 595 994 quaestionem
614 943 660 981 de
680 943 839 982 Philota
858 943 1071 982 habendam
1083 938 1333 995 consurgunt.
1389 943 1488 991 Rex,

145 1005 303 1044 Cratero
323 1007 514 1054 accersito,
535 1011 575 1044 et
603 1019 775 1045 sermone
802 1006 947 1055 habito,
967 1008 1074 1057 cujus
1105 1019 1252 1045 summa
1280 1019 1357 1044 non
1386 1006 1490 1044 edita

143 1073 211 1117 est,
232 1069 271 1106 in
290 1069 465 1106 intimam
485 1069 686 1108 diversorii
713 1073 862 1119 partem
880 1070 1046 1118 secessit,
1066 1074 1105 1107 et
1132 1070 1289 1107 remotis
1319 1069 1488 1117 arbitris,

142 1131 182 1168 in
202 1132 363 1170 multam
381 1136 530 1170 noctem
550 1131 770 1183 quaestionis
799 1132 1036 1182 exspectavit
1063 1136 1251 1170 eventum.
1308 1132 1489 1170 Tortores

143 1194 181 1231 in
201 1199 441 1245 conspectum
460 1194 628 1233 Philotae
648 1195 776 1233 omnia
805 1194 1044 1233 crudelitatis
1073 1195 1328 1233 instrumenta
1356 1208 1489 1246 propo-

141 1262 247 1295 nunt.
305 1258 360 1296 Et
379 1258 444 1295 ille
462 1258 590 1296 ultro:
621 1260 641 1279 “
660 1257 762 1303 Quid
782 1258 979 1306 cessatis,⁷‘
1009 1257 1144 1308 inquit,
1177 1258 1337 1309 “Regis
1364 1258 1488 1295 inimi-

142 1333 225 1358 cum
244 1320 537 1369 interfectorem,
558 1321 795 1359 confitentem
813 1320 1015 1358 occidere?
1041 1320 1133 1372 quid
1159 1321 1368 1372 quaestione
1396 1334 1489 1372 opus

142 1383 234 1421 est?
290 1383 476 1435 Cogitavi,
497 1383 636 1423 volui.'’
685 1383 868 1423 Craterus
888 1383 1053 1436 exigere,
1071 1389 1116 1421 ut
1134 1397 1217 1435 quae
1236 1385 1488 1433 confiteretur,

141 1447 180 1483 in
199 1447 399 1484 tormentis
418 1459 564 1497 quoquc
583 1446 735 1484 diceret.
805 1446 910 1484 Dum
930 1446 1142 1497 corripitur,
1164 1446 1253 1484 dum
1273 1447 1488 1498 obligantur

141 1510 254 1558 oculi,
275 1510 368 1547 dnm
387 1509 505 1548 vestis
525 1509 689 1556 exuitur,
708 1509 882 1560 gentium
898 1510 997 1558 jura,
1027 1508 1130 1546 Deos
1158 1509 1315 1559 patrios,
1335 1510 1489 1561 nequid-

139 1586 252 1623 quam
271 1572 371 1623 apud
389 1571 523 1610 surdas
542 1584 653 1610 aures
671 1571 881 1611 invocabat.
922 1572 1000 1610 Per
1019 1571 1175 1610 ultimos
1190 1572 1327 1610 deinde
1348 1573 1489 1612 erucia-

139 1641 213 1684 tus,
234 1638 370 1686 utpote
390 1639 430 1673 et
450 1635 664 1684 damnatus,
684 1639 722 1673 et
742 1635 906 1673 inimicis
925 1635 965 1672 111
992 1635 1157 1686 gratiam
1175 1636 1295 1687 Regis
1314 1640 1488 1687 torquen-

141 1699 254 1747 tibus,
275 1699 474 1737 laceratur.
505 1698 564 1736 Ac
583 1699 705 1749 primo
724 1712 938 1750 quanquam
955 1698 1044 1736 hinc
1063 1699 1174 1750 ignis,
1194 1699 1300 1737 1111110
1318 1700 1486 1749 verbera,

147 1764 227 1812 jam
248 1764 270 1781 ¹⁰
285 1776 359 1801 non
379 1763 427 1801 ad
445 1764 703 1814 quaestionem,
724 1761 791 1800 sed
811 1763 859 1800 ad
886 1775 1035 1812 poenam
1065 1762 1382 1813 ¹¹ingerebantur,
1411 1776 1487 1801 non

140 1839 269 1864 vocem
287 1826 409 1875 modo,
430 1826 498 1863 sed
530 1826 645 1863 etiam
673 1825 837 1876 gemitus
868 1824 1070 1863 ¹²habebat
1097 1825 1136 1862 in
1154 1829 1352 1875 potestate.
1410 1826 1486 1865 Sed

139 1891 340 1941 postquam
359 1889 614 1927 intumescens
634 1901 768 1939 corpus
799 1887 988 1926 ulceribus
1002 1887 1235 1939 flagellorum
1253 1888 1355 1926 ictus
1373 1890 1485 1927 nudis

141 1953 289 1991 ossibus
308 1953 480 1990 incussos
498 1952 596 1990 ferre
614 1964 690 1989 non
708 1955 870 2001 poterat,
892 1950 924 1987 si
954 1950 1153 1988 tormentis
1181 1950 1390 1990 adhibituri
1409 1966 1485 1990 mo-

142 2014 234 2051 dum
255 2020 392 2063 essent,
413 2014 604 2052 dicturum
625 2026 676 2061 se,
696 2026 781 2064 qua}
800 2012 894 2050 seire
914 2017 1147 2062 expeterent,
1167 2013 1377 2062 pollicetur.
1410 2015 1484 2053 Sed

142 2078 252 2114 finem
271 2077 474 2127 quaestioni
493 2077 582 2125 sore,
599 2078 729 2126 jurare
749 2088 812 2113 eos
826 2088 892 2125 per
906 2074 1118 2113 Alexandri
1133 2075 1305 2125 salutem,
1320 2076 1483 2126 volebat,

141 2139 399 2190 removerique
419 2144 589 2178 tortores.
662 2139 715 2177 Et
732 2143 891 2189 utroque
919 2138 1137 2188 impetrato,
1160 2138 1318 2178 Cratero
1337 2140 1458 2191 inquit
1475 2154 1482 2178 :

143 2205 164 2224 ⁵‘
181 2203 252 2240 Dic
280 2203 372 2254 quid
401 2216 458 2240 1110
489 2203 585 2241 velis
616 2202 776 2240 dieere.''
832 2202 907 2239 Illo
928 2202 1150 2253 indignante
1177 2201 1364 2241 ludificari
1383 2217 1483 2251 eum,

141 2267 348 2316 rursusque
377 2270 573 2303 revocante
604 2270 774 2312 tortores,
797 2269 942 2314 tempus
971 2271 1099 2314 petere
1129 2265 1252 2315 eoepit,
1273 2265 1365 2303 dnm
1393 2265 1484 2303 reei-

142 2334 248 2380 peret
267 2329 453 2379 spiritum,
473 2334 603 2366 cuneta
622 2342 706 2379 qum
726 2328 849 2375 sciret,
871 2327 1114 2367 indicaturus,

223 2406 283 2441 32.
313 2402 474 2441 Interim
490 2402 644 2452 equites,
658 2401 917 2439 nobilissimus
933 2401 1102 2452 quisque,
1120 2406 1157 2439 et
1178 2401 1204 2439 ii
1223 2401 1398 2448 maxime,
1418 2400 1483 2451 qui

147 2465 433 2505 Parmenionem
466 2465 677 2516 propinqua
711 2465 933 2517 cognatione
971 2464 1249 2515 contingebant,
1287 2469 1482 2514 postquam
