1583 2680
146 149 195 185 40
610 160 801 190 QU1N¹r1
838 160 1024 185 cun'rn

145 251 263 302 puppi
298 256 503 301 oneratam,
525 252 580 289 ita
598 256 643 290 ut
662 252 829 290 multum
861 265 975 302 prora
1008 251 1201 301 emineret,
1222 252 1409 291 bitumine
1438 267 1482 292 ao

146 315 328 364 sulphure
362 315 502 352 illitam
534 315 648 352 remis
681 315 992 352 concitaverunt:
1022 319 1061 352 et
1089 316 1172 352 cum
1204 329 1379 367 magnam
1405 317 1485 355 vim

144 378 250 415 venti
269 378 353 416 vela
375 391 523 428 quoque
551 378 820 428 concepissent,
841 378 1018 415 celeriter
1038 378 1086 415 ad
1113 379 1254 417 mole-m
1288 381 1481 418 suecessit.

147 440 254 477 Tune
273 443 388 490 prora
409 442 492 490 ejus
512 444 681 488 accensa,
703 440 864 491 remiges
885 441 1063 478 desinere
1082 441 1121 478 in
1142 442 1311 492 scaphas,
1332 456 1417 493 quae
1436 443 1485 480 ad

144 503 215 540 hoe
237 503 363 553 ipsum
395 508 619 553 praeparatae
652 503 919 554 sequebantur.
977 504 1100 542 Navis
1133 509 1273 553 autem,
1294 506 1381 556 igne
1401 501 1483 544 eon-

144 571 264 615 cepto,
281 566 402 603 latius
416 566 574 603 fundere
591 566 809 604 incendium
829 567 944 617 coepit
961 579 968 604 :
989 568 1102 618 quod,
1117 568 1341 619 priusquam
1355 574 1485 619 posset

143 629 301 677 occurri,
319 634 454 676 turres,
472 634 510 666 et
530 634 668 667 caetera
687 642 801 679 opera
815 630 854 667 in
875 631 885 648 ²
899 631 1023 680 capite
1041 631 1152 669 molis
1171 632 1297 682 posita
1316 645 1482 682 compre-

144 692 284 728 hendit.
326 692 383 729 At
402 692 467 742 qui
488 692 709 729 desilierant
729 693 768 729 in
783 706 901 743 parva
919 694 1085 744 navigia,
1101 695 1216 742 faces,
1238 699 1277 732 et
1295 695 1483 746 quidquid

142 754 276 792 alendo
305 755 386 805 igni
414 760 546 805 aptum
580 760 673 804 erat,
695 756 735 793 in
755 757 885 794 eadem
920 770 1036 807 opera
1068 757 1259 808 ingerunt.
1318 758 1481 809 Jamque

141 830 216 854 non
248 818 360 855 modo
394 818 647 856 Macedonum
674 823 812 867 turres,
843 820 911 857 sed
944 820 1059 857 etiam
1090 820 1265 858 ²summa
1297 821 1481 869 tabulata,

142 885 392 929 conceperant
424 881 573 932 ignem:
614 883 703 919 cum
736 883 776 931 ii,
810 883 877 934 qui
910 883 950 920 in
983 883 1156 921 turribus
1189 888 1308 933 erant,
1341 884 1482 934 partim

141 944 385 981 haurirentur
405 944 604 994 incendio,
634 946 776 995 partim
797 945 914 982 armis
935 946 1085 983 omissis
1105 946 1144 983 in
1162 960 1266 984 mare
1286 947 1483 997 semetipsi

141 1007 401 1045 immitterent.
472 1008 529 1045 At
567 1008 687 1058 Tyrii,
721 1009 787 1058 qui
823 1008 834 1026 ³
849 1021 982 1058 capere
1016 1022 1091 1057 eos,
1123 1009 1238 1059 quam
1270 1010 1482 1048 interficere

140 1070 310 1118 mallent,
324 1070 539 1107 natantium
554 1083 688 1107 manus
705 1071 902 1120 stipitibus
919 1071 1096 1122 saxisque
1111 1071 1343 1120 lacerabant,
1361 1073 1481 1110 donec

142 1133 338 1171 debilitati
357 1133 509 1182 impune
529 1132 692 1183 navigiis
713 1133 837 1183 excipi
865 1139 1041 1183 possent:
1071 1147 1140 1172 nec
1160 1135 1479 1184 inccndio-solum

143 1209 257 1245 opera
277 1200 512 1245 consumpta,
534 1195 600 1233 sed
619 1196 718 1232 forte
740 1196 872 1234 eodem
894 1197 954 1234 die
973 1197 1232 1235 vehementior
1250 1203 1385 1236 ventus
1404 1212 1480 1236 mo-

141 1265 222 1296 tum
255 1272 302 1296 ex
328 1259 517 1309 profundo
550 1272 653 1296 mare
673 1259 785 1296 illisit
811 1260 850 1296 iu
882 1261 1034 1309 molem,
1055 1261 1270 1312 crebrisque
1301 1262 1480 1301 fluetibus

141 1334 340 1373 compages
373 1322 497 1372 operis
526 1322 736 1360 verberatae
769 1336 808 1360 se
841 1322 1031 1371 laxavere,
1061 1337 1226 1375 saxaque
1259 1325 1479 1363 interfluens

140 1385 242 1422 unda
259 1385 428 1422 medium
448 1398 541 1435 opus
574 1385 689 1434 rupit.
748 1385 928 1423 Prorutis
961 1386 1079 1437 igitur
1099 1387 1270 1437 lapidum
1304 1389 1477 1436 cumulis,

140 1448 278 1499 quibus
298 1449 438 1498 injecta
458 1453 559 1485 terra
588 1448 860 1496 sustinebatur,
881 1462 1048 1499 praeccps
1068 1450 1108 1486 in
1127 1450 1358 1500 profundum
1386 1452 1476 1500 ruit,

141 1517 331 1562 tantaeque
364 1511 475 1549 molis
495 1511 560 1549 vix
587 1511 668 1548 ulla
686 1512 846 1562 vestigia
875 1512 1035 1560 invenit,
1056 1512 1104 1550 ab
1126 1513 1276 1551 Arabia
1311 1514 1476 1563 rediens,

141 1574 371 1612 Alexander.

223 1640 279 1674 12.
310 1637 321 1654 ⁴
334 1637 413 1674 1110
431 1637 547 1688 (quod
567 1637 607 1674 in
627 1638 794 1675 adversis
815 1637 929 1675 rebus
950 1638 1046 1676 solet
1064 1639 1162 1690 fieri)
1184 1639 1282 1676 alius
1302 1640 1339 1677 in
1359 1640 1477 1678 alium

138 1701 287 1750 eulpam
307 1701 510 1748 referebat,
533 1702 621 1738 cum
651 1714 779 1739 omnes
799 1701 810 1718 ⁵
824 1701 957 1739 verius
977 1701 1023 1738 de
1045 1702 1197 1739 saevitia
1224 1702 1340 1739 maris
1368 1703 1477 1753 queri

137 1768 300 1814 possent.
356 1763 368 1780 ⁶
383 1763 472 1801 Rex
492 1764 581 1801 novi
601 1764 726 1813 operis
741 1764 878 1801 molem
899 1777 1020 1811 orsus,
1036 1765 1075 1801 in
1091 1765 1290 1802 adversum
1305 1771 1475 1813 ventum,

137 1840 208 1863 non
244 1826 375 1873 latere,
399 1826 466 1862 sed
498 1827 604 1862 rocta
631 1827 766 1875 fronte,
787 1826 948 1863 direxit:
977 1827 1049 1863 ⁷ea
1076 1831 1212 1864 eaetera
1240 1840 1353 1877 opera
1370 1829 1476 1866 velut

137 1890 207 1926 sub
229 1889 311 1939 ipsa
332 1888 492 1925 latentia
512 1888 703 1926 tuebatur.
763 1889 1029 1926 Latitudinem
1048 1903 1197 1940 quoque
1227 1891 1356 1940 aggeri
1377 1892 1475 1941 adje-

137 1954 199 2000 cit,
230 1958 274 1988 ut
308 1957 436 1989 turres
470 1951 508 1988 in
540 1951 666 1988 medio
700 1956 849 1998 ereetoe,
878 1952 1011 2001 procul
1045 1953 1113 1989 teli
1147 1954 1254 2001 jactu
1287 1953 1472 1992 abessent.

138 2016 257 2052 Totas
279 2021 404 2052 autem
425 2014 578 2052 arbores
595 2027 680 2052 cum
698 2015 915 2065 ingentibus
936 2016 1050 2052 ramis
1067 2015 1104 2052 in
1120 2015 1241 2053 altum
1257 2017 1449 2065 jaciebant
1465 2031 1472 2056 :

135 2078 271 2115 deinde
294 2078 395 2115 saxis
415 2077 633 2115 onerabant.
692 2078 848 2115 Rursus
878 2078 1029 2116 cumulo
1051 2092 1180 2116 eorum
1201 2079 1297 2117 alias
1319 2081 1472 2119 arbores

138 2141 368 2190 injiciebant.
429 2141 526 2178 Tum
555 2141 692 2178 humus
730 2142 993 2191 aggerebatur,
1023 2142 1235 2194 “superque
1263 2143 1339 2180 alia
1367 2149 1472 2182 strue

134 2218 310 2241 saxorum
331 2203 586 2255 arborumque
607 2204 815 2250 cumulata,
837 2205 942 2242 volut
961 2205 1124 2255 quodam
1154 2219 1253 2243 nexu
1274 2207 1471 2244 continens

133 2281 226 2315 opus
243 2269 461 2316 junxerant.
521 2267 602 2305 Nec
625 2267 744 2317 Tyrii,
761 2268 948 2318 quidquid
965 2269 1012 2305 :ul
1034 2269 1312 2318 impediendam
1332 2269 1469 2307 molem

133 2331 343 2379 excogitari
389 2335 552 2381 poterat,
600 2331 766 2379 segniter
814 2331 1128 2381 exsequebantur.
1204 2334 1215 2350 ⁹
1230 2333 1467 2383 Praecipuuin

133 2393 317 2430 auxilium
339 2399 428 2440 crat,
450 2394 515 2444 qui
536 2394 666 2443 procul
694 2394 859 2430 hostium
882 2401 1086 2444 conspectu
1116 2396 1294 2433 subibant
1319 2409 1455 2446 aquam

136 2456 355 2508 occultoque
377 2457 484 2506 lapsu
507 2456 552 2493 ad
575 2457 707 2493 molem
731 2470 850 2508 usqu(-
874 2458 1134 2506 penetrabant,
1158 2458 1318 2496 falcibus
1338 2458 1454 2502 palmi
