1583 2680
159 172 210 206 46
623 177 806 210 QUINTI
844 175 1028 202 curxr11

161 286 320 324 cumque
336 272 561 310 felicitatem
581 269 757 317 habeant,
777 268 964 307 invidiam
993 272 1122 305 tamen
1141 267 1282 305 sentire
1302 267 1494 316 majorem.

162 335 313 383 Vereri,
333 349 380 373 ne
411 348 451 372 se
484 336 612 372 avium
643 331 769 379 modo,
789 344 883 382 quas
911 330 1099 368 naturalis
1127 330 1264 368 levitas
1293 334 1424 380 ageret
1452 328 1500 366 ad

162 399 299 446 sidera,
321 399 424 435 inani
459 411 501 434 ac
532 396 672 447 puerili
704 395 844 432 mentis
875 394 1015 431 affectu
1048 394 1211 431 efferret.
1269 393 1381 431 Nihil
1412 392 1502 429 diffi-

161 462 272 499 cilius
311 475 404 509 esse,
441 461 558 511 quam
593 459 633 496 in
678 458 747 495 illa
783 462 897 495 aetate
933 462 1080 495 tantam
1126 470 1261 507 capere
1298 448 1501 513 fortunam.

162 525 173 541 ⁵
190 525 337 562 Multas
358 537 397 562 se
426 523 547 560 adhuc
579 521 762 572 reliquias
792 520 944 569 habere,
963 533 1034 558 nec
1063 533 1210 571 semper
1229 520 1241 537 ⁶
1255 520 1295 557 in
1315 518 1505 570 angustiis

163 601 272 638 posse
294 586 534 637 deprehendi.
592 584 885 622 Transeundum
905 596 986 621 esse
1006 583 1231 622 Alexandro
1253 582 1505 633 Euphratem,

165 651 395 700 Tigrimque,
417 654 454 686 et
473 649 644 695 Araxen,
665 651 705 684 et
736 647 960 697 Hydaspen,
981 660 1119 698 magna
1146 647 1380 684 munimenta
1399 645 1506 696 regni

164 715 234 751 sui.
293 712 536 751 Veniendum
556 711 596 748 in
615 722 778 760 campOS,
800 710 869 748 ubi
898 710 1093 761 paucitate
1115 723 1269 748 suorum
1288 709 1506 747 erubescen-

165 777 254 814 dum
292 777 351 814 sit.
410 775 592 822 Mediam,
633 773 884 824 Hyrcaniam,
924 773 1079 821 Bactra,
1119 779 1159 810 et
1193 772 1325 820 Indos,
1364 771 1507 812 Oceani

164 840 321 886 accolas,
342 838 491 890 quando
512 837 719 885 aditurum,
739 850 788 874 ne
809 836 1019 886 Sogdianos
1049 841 1086 874 et
1115 836 1361 884 Arachosios,
1392 835 1507 873 nomi-

164 916 260 951 nem,
282 908 514 953 eaeterasque
533 905 680 952 gentes,
701 900 749 938 ad
771 899 984 939 Caucasum
1004 904 1043 937 et
1065 900 1224 937 Tanaim
1243 899 1507 950 pertinentes?

166 965 444 1003 Senescendum
474 965 556 1002 fore
582 968 730 1001 tantum
760 968 948 1001 terrarum
968 963 1030 1023 vel
1063 963 1144 1001 sine
1177 963 1310 1013 praelio
1339 962 1507 1001 obeunti.

165 1029 175 1045 ⁷
193 1028 241 1066 Se
260 1029 349 1067 vero
369 1028 419 1065 ad
448 1027 574 1078 ipsum
593 1039 728 1065 vocare
760 1026 974 1063 desineret:
1003 1039 1165 1077 namque
1196 1027 1300 1063 illius
1329 1026 1449 1063 exitio
1470 1038 1510 1063 se

165 1104 246 1129 csse
266 1091 507 1129 venturum.''
563 1088 799 1137 Alexander,
831 1089 902 1137 his,
923 1089 989 1139 qui
1021 1088 1171 1126 litteras
1204 1089 1426 1137 attulerant,
1456 1101 1511 1126 re-

167 1154 338 1204 spondit:
360 1156 381 1174 “
393 1152 661 1191 Darium⁸sibi
675 1152 799 1190 aliena
814 1153 1058 1202 promittere;
1079 1152 1182 1204 quod
1192 1157 1315 1190 totum
1325 1153 1510 1200 amiserit,

166 1218 263 1255 velle
283 1217 428 1267 partiri.
487 1216 580 1254 Doti
601 1216 674 1254 sibi
694 1216 778 1253 dari
797 1216 975 1266 Lydiam,
997 1216 1161 1264 Ioniam,
1184 1216 1393 1265 [Eolidenn
1416 1216 1510 1254 Hel-

167 1281 331 1331 lesponti
351 1293 466 1328 oram,
485 1281 497 1298 ⁰
512 1280 684 1318 victoriae
703 1292 782 1317 suae
801 1280 958 1330 praemia
975 1292 982 1317 :
1011 1280 1115 1330 leges
1137 1281 1302 1318 ¹⁰autom
1322 1294 1344 1318 a
1362 1280 1513 1319 victori-

166 1345 238 1383 bus
279 1343 376 1394 dici;
417 1344 538 1394 accipi
575 1357 597 1381 a
632 1343 758 1382 vietis.
816 1343 866 1381 In
902 1349 990 1381 utro
1028 1349 1134 1381 statu
1166 1344 1276 1382 ambo
1310 1350 1448 1392 essent,
1481 1344 1513 1382 si

169 1408 273 1446 solus
306 1408 511 1458 ignoraret,
532 1407 818 1458 quamprimum
850 1407 978 1445 Marte
1011 1408 1252 1445 decerneret:
1283 1421 1323 1445 se
1351 1421 1512 1459 quoque,

169 1473 258 1508 eum
279 1474 480 1509 transisset
507 1484 622 1519 mare,
643 1484 719 1509 non
741 1470 918 1510 Ciliciam
937 1476 1004 1508 aut
1038 1471 1214 1521 Lydiam,
1237 1471 1393 1522 (quippe
1414 1473 1515 1510 tanti

168 1535 262 1573 belli
297 1535 474 1586 exiguam
504 1534 601 1572 hanc
635 1547 716 1572 esse
752 1534 980 1585 mercedem)
1012 1534 1079 1572 scd
1110 1534 1361 1585 Persepolim,
1400 1541 1515 1586 caput

168 1598 276 1648 regni
296 1601 390 1648 ejus,
412 1598 555 1635 Bactra
578 1597 728 1645 deinde,
751 1597 962 1645 Ecbatana,
981 1597 1186 1648 ultimique
1218 1597 1390 1637 Orientis
1410 1612 1515 1637 oram

171 1663 194 1679 ¹¹
212 1662 370 1712 imperio
405 1675 473 1699 suo
507 1661 733 1699 destinasse.
792 1660 1040 1713 QuOcumque
1068 1661 1133 1699 ille
1161 1661 1294 1713 fugere
1314 1663 1515 1713 potuisset,

171 1727 293 1776 ipsum
331 1726 438 1777 sequi
482 1738 604 1775 posse.
681 1725 885 1762 Desineret
930 1730 1076 1762 terrere
1120 1725 1354 1773 fluminibus,
1401 1740 1514 1777 quem

171 1791 287 1826 sciret
319 1790 439 1826 maria
472 1788 691 1825 transissc.''
768 1789 877 1839 leges
910 1788 1064 1839 quidem
1095 1788 1254 1826 invicem
1287 1789 1367 1827 haec
1397 1791 1513 1841 scrip-

172 1858 308 1890 serant.

250 1919 310 1954 21.
343 1916 419 1954 Sed
440 1915 585 1953 Rhodii
613 1914 747 1952 urbem
768 1927 874 1952 suam
904 1920 1114 1965 portusque
1136 1915 1327 1952 dedebant
1348 1917 1514 1955 Alexan-

172 1982 251 2018 dro.
312 1980 386 2017 Ille
409 1979 583 2018 Ciliciam
604 1978 754 2017 Socrati
786 1979 1019 2027 tradiderat3
1053 1979 1212 2016 Philota
1241 1980 1386 2029 regioni
1415 1981 1516 2019 circa

174 2045 317 2094 Tyrum
345 2045 453 2092 jusso
485 2043 711 2093 praesidcre:
744 2042 908 2093 Syriam,
929 2056 1014 2093 qua>
1050 2042 1154 2080 Caulo
1186 2043 1415 2093 appellatur,
1438 2045 1515 2082 An·

173 2107 376 2145 ‹lromacho
398 2107 602 2144 Parmenio
623 2106 847 2154 tradiderat,
868 2106 978 2154 bello,
997 2107 1099 2157 quod
1126 2114 1338 2157 supererat,
1360 2108 1514 2146 interfu-

174 2177 292 2208 turus.
370 2171 451 2217 tex,
481 2169 757 2220 Ilcphaestione
787 2169 989 2207 l'hoenices
1011 2183 1114 2207 oram
1136 2170 1256 2207 classe
1286 2172 1515 2221 praetervehi

180 2237 298 2284 jusso,
321 2234 368 2271 ad
388 2234 521 2271 urbem
555 2233 695 2271 Gazam
727 2246 811 2269 eum
843 2232 1019 2269 omnibus
1049 2234 1168 2283 copiis
1197 2234 1312 2271 venit.
1371 2235 1515 2272 Iisdem

175 2297 252 2335 fere
283 2297 417 2334 diebus
450 2297 472 2313 ¹²
485 2296 650 2333 solemne
682 2300 764 2333 orat
795 2295 984 2333 ludicrum
1021 2296 1282 2345 Istluniorum,
1301 2297 1402 2348 quod
1433 2310 1515 2335 con-

174 2366 288 2399 ventu
309 2360 427 2397 totius
449 2359 607 2397 (irrui-im
628 2359 854 2396 celebratur.
914 2359 960 2395 ln
983 2373 1025 2396 eo
1047 2360 1217 2407 concino,
1239 2365 1282 2397 ut,
1303 2365 1392 2397 sunt
1412 2359 1514 2398 Groe·

175 2437 300 2461 eorum
334 2423 356 2440 ¹³
371 2423 601 2472 temporaria
630 2422 792 2473 ingenia,
815 2422 1035 2465 decernunt,
1058 2429 1100 2460 ut
1122 2423 1321 2461 duodecim
1351 2422 1512 2473 legaren-

175 2493 235 2524 tur
251 2487 297 2523 nd
316 2486 472 2536 Regem,
489 2485 552 2536 qui
571 2485 617 2523 ob
634 2499 693 2522 res
711 2499 778 2535 pro
800 2485 921 2522 saluto
944 2485 1102 2523 (11:choe
1119 2500 1160 2524 :ic
1178 2486 1355 2524 libertate
1375 2490 1514 2536 gestas.
