1583 2680
473 143 634 169 LIBER.
671 143 740 169 vi.
782 143 894 169 CAP.
935 143 976 168 v.
1323 133 1388 169 121

57 235 187 275 dolore
207 235 439 283 stimulatus,
470 249 608 286 equum
626 235 807 286 vestigari
834 235 958 286 jubet,
979 239 1018 273 et
1049 248 1117 285 per
1144 234 1394 285 interpretem

54 298 304 350 pronunciari,
333 301 375 336 ni
404 298 674 347 reddidissem,
691 298 879 336 neminem
915 310 997 336 esse
1026 297 1227 336 victurum.
1309 297 1396 334 Hac

57 361 345 399 denunciatione
364 361 501 409 territi,
523 373 606 398 cum
625 361 774 399 caeteris
793 360 902 399 donis
921 373 1058 412 equum
1077 360 1281 398 adducunt.
1321 359 1397 399 Sed

53 437 100 462 ne
118 424 172 461 sic
190 424 345 474 quidem
362 423 572 474 mitigatus,
593 423 687 462 caedi
707 423 834 474 sylvas
848 423 971 473 jubet,
992 425 1225 475 aggestaque
1243 423 1358 460 humo
1377 435 1397 460 e

52 487 255 535 montibus,
276 486 474 537 planitiem
488 486 604 524 ramis
620 486 844 536 impeditam
858 487 1088 538 exaggerari.
1129 486 1159 524 J
1161 499 1221 524 am
1234 485 1398 537 aliquan-

54 549 179 587 tulum
197 549 413 587 altitudinis
444 562 536 600 opus
566 554 748 598 creverat,
780 550 869 587 cum
899 549 1074 598 Barbari,
1094 549 1317 599 ⁷desperato
1345 561 1398 585 rc-

54 613 202 664 gionem
231 626 345 664 quam
375 617 648 662 occupaverant
675 625 785 662 posse
804 612 970 661 retineri,
988 617 1139 663 gentem
1169 625 1277 650 suam
1296 611 1399 648 dedi-

56 676 154 714 dere.
210 675 308 724 Rex,
328 675 521 713 obsidibus
557 675 731 725 acceptis,
762 675 951 713 Phradati
987 675 1136 713 tradere
1173 687 1238 712 eos
1271 673 1398 723 jussit.

57 737 150 776 Inde
180 738 315 788 quinto
347 737 410 775 die
443 737 484 774 in
515 737 660 775 stativa
691 738 905 776 revertitur.
978 737 1211 776 Artabazum
1248 735 1399 783 deinde,

53 801 243 852 geminato
274 799 426 848 honore,
446 813 558 851 quem
586 799 726 838 Darius
756 800 940 839 habuerat
968 800 1014 848 ci,
1044 799 1210 838 remittit
1236 799 1398 836 domum.

55 864 83 901 J
87 877 146 901 am
165 863 213 900 ad
231 863 365 901 urbem
385 863 606 913 Hyrcaniae,
626 862 666 900 in
684 866 761 914 qua
779 863 884 914 regia
904 862 1014 900 Darii
1033 863 1121 911 fuit,
1138 866 1291 900 ventum
1306 865 1398 899 erat.

56 926 118 964 Ibi
150 925 393 964 Nabarzanes
423 927 577 975 accepta
607 925 678 962 fide
715 925 892 973 occurrit,
926 925 1024 963 dona
1060 924 1229 976 ingentia
1263 921 1398 962 ferens.

56 989 163 1027 Inter
181 1002 266 1039 quae
295 988 445 1039 Bagoas
475 992 558 1024 erat
588 987 711 1037 speeie
742 987 926 1038 singulari
956 987 1086 1038 spado,
1106 992 1220 1038 atque
1250 987 1290 1024 in
1319 986 1401 1036 ipso

54 1053 145 1090 flore
163 1050 338 1101 pueritiae
355 1062 363 1087 :
393 1050 454 1087 cui
472 1053 510 1087 et
529 1049 669 1086 Darius
682 1049 807 1086 fuerat
826 1054 1011 1097 assuetus,
1029 1054 1068 1087 et
1081 1063 1170 1087 mox
1184 1049 1402 1087 Alexander

53 1115 244 1163 assuevit3
275 1114 428 1164 ejusque
446 1112 610 1150 maxime
630 1111 803 1162 precibus
821 1117 959 1161 motus,
980 1111 1197 1150 Nabarzani
1215 1112 1374 1163 ignovit.

139 1179 194 1215 13.
225 1176 334 1224 Erat,
365 1180 409 1213 ut
441 1176 556 1226 supra
589 1174 732 1213 dictum
775 1180 845 1223 est,
878 1175 1085 1226 Hyrcaniae
1119 1175 1279 1212 finitima
1309 1188 1402 1226 gens

55 1240 302 1288 Amazonum,
323 1239 424 1277 circa
444 1238 753 1276 Thermodoonta
778 1251 937 1287 amnem,
958 1230 1216 1289 Themiscyrae
1242 1238 1402 1276 incolen-

55 1303 150 1341 tium
178 1315 338 1353 eampos.
394 1301 585 1353 Reginam
614 1301 808 1341 habebant
839 1301 1086 1350 Thalestrim,
1107 1301 1281 1340 omnibus
1300 1301 1403 1339 inter

58 1366 267 1406 Caucasum
285 1369 453 1403 montem
472 1369 513 1402 et
531 1364 690 1402 Phasim
709 1377 856 1402 amnem
883 1365 1172 1415 imperitantem.
1229 1364 1327 1403 Haec
1345 1377 1403 1402 cu-

57 1429 183 1479 pidine
200 1428 348 1467 visendi
368 1428 490 1480 Regis
508 1440 673 1476 accensa,
693 1428 830 1467 finibus
846 1428 952 1480 regni
971 1428 1032 1466 sui
1047 1428 1210 1466 excessit
1226 1441 1234 1466 :
1255 1433 1294 1466 et
1313 1430 1404 1466 eum

58 1492 159 1529 haud
187 1491 319 1541 procul
348 1492 511 1539 abesset,
542 1491 731 1541 praemisit
766 1491 980 1529 indicantes
1016 1491 1163 1530 venisse
1200 1491 1402 1543 Reginam,

58 1554 222 1591 adeundi
240 1555 322 1603 ejus
342 1553 666 1604 cognoscendique
684 1553 845 1591 avidam.
892 1553 1082 1591 Protinus
1096 1554 1198 1591 facta
1217 1559 1404 1604 potestate

58 1616 245 1665 veniendi,
278 1616 427 1654 caeteris
453 1615 572 1665 jussis
602 1615 822 1663 subsistere,
854 1620 924 1653 cce
953 1615 1193 1654 foeminarum
1225 1617 1406 1654 comitata

58 1679 251 1731 processit.
308 1679 438 1729 Atque
457 1683 502 1716 ut
519 1678 687 1728 primum
706 1678 793 1716 Rex
811 1678 851 1715 in
869 1682 1071 1728 conspeetu
1094 1678 1179 1727 fuit,
1200 1691 1295 1729 equo
1323 1679 1406 1729 ipsa

59 1742 214 1791 desiliit,
235 1742 330 1780 duas
349 1741 498 1779 lanceas
517 1741 655 1779 dextra
672 1741 887 1791 praeferens
946 1741 1080 1779 Vestis
1097 1754 1173 1779 non
1191 1746 1273 1779 toto
1289 1742 1404 1780 Ama-

58 1819 194 1845 zonum
211 1805 357 1855 corpori
376 1804 580 1843 obducitur
596 1817 605 1843 :
634 1816 724 1842 nam
742 1804 840 1844 laeva
855 1817 945 1854 pars
965 1804 976 1821 ⁸
991 1804 1039 1842 ad
1057 1809 1188 1855 peetus
1208 1809 1268 1842 est
1286 1805 1403 1854 nuda,

58 1874 198 1908 eaetera
216 1867 306 1906 inde
325 1867 522 1917 velantur3
553 1879 622 1905 nec
650 1872 778 1905 tamen
807 1867 914 1906 sinus
933 1867 1064 1916 vestis,
1083 1881 1196 1919 quem
1214 1867 1312 1906 nodo
1332 1869 1404 1907 col-

57 1932 196 1984 ligunt,
216 1931 317 1969 infra
333 1944 457 1983 genua
475 1931 679 1969 descendit.
736 1931 874 1969 Altera
892 1931 1036 1982 papilla
1057 1931 1201 1969 intacta
1220 1937 1404 1981 servatur,

58 1998 134 2046 qua
161 1994 359 2033 muliebris
389 2006 502 2033 sexus
530 1994 672 2033 liberos
691 1993 818 2032 alant:
848 1994 1024 2032 aduritur
1054 1994 1202 2042 dextra,
1221 1999 1267 2032 ut
1295 2007 1405 2034 arcus

61 2057 217 2095 facilius
248 2056 457 2106 intendant,
489 2061 529 2095 et
559 2057 637 2095 tela
667 2057 830 2096 vibrent.
892 2056 1082 2095 Interrito
1114 2057 1227 2095 vultu
1259 2057 1404 2109 Regem

62 2119 274 2158 Thalestris
305 2119 547 2159 intuebatur:
589 2121 601 2138 ⁹
615 2120 789 2159 habitum
825 2121 907 2170 ejus
951 2119 1242 2171 haudquaquam
1278 2133 1405 2158 rerum

60 2183 172 2221 famae
190 2195 320 2233 parem
338 2183 456 2221 oculis
473 2182 719 2234 perlustrans.
803 2183 954 2234 Quippe
973 2183 1146 2222 omnibus
1164 2183 1338 2222 barbaris
1366 2183 1404 2220 in

61 2257 258 2296 corporum
276 2246 474 2295 majestate
492 2247 685 2285 veneratio
713 2251 795 2296 est;
825 2259 1120 2298 magnorumque
1147 2259 1303 2297 operum
1329 2258 1405 2282 non

61 2308 155 2346 alies
187 2320 341 2358 capaces
364 2313 509 2358 putant,
527 2310 643 2360 quam
672 2322 768 2362 quos
800 2309 943 2348 eximia
963 2309 1086 2360 specie
1113 2309 1251 2347 donare
1269 2313 1406 2345 natura

61 2374 215 2426 dignata
233 2377 302 2410 est.
358 2370 552 2410 Caeterum
570 2372 814 2424 interrogata,
832 2386 923 2411 num
942 2372 1087 2424 aliquid
1112 2377 1238 2423 petere
1256 2370 1377 2409 vellet
1392 2383 1402 2419 ς

62 2437 164 2476 haud
176 2434 369 2474 dubitavit
379 2435 505 2484 fateri,
518 2434 566 2473 ad
579 2436 907 2475 communicandos
921 2449 1007 2475 cum
1020 2437 1126 2487 Rege
1137 2435 1278 2473 liberos
1291 2446 1331 2471 se
1345 2445 1404 2472 ve·
