1583 2680
491 184 867 211 SUPPLEMENTl
903 185 1065 210 annn
1102 185 1133 209 1.
1459 176 1482 212 3

137 278 294 321 Phihppo
320 277 531 310 inferendum
556 276 748 316 concitavit,
765 276 866 320 quod,
882 287 924 309 ne
949 275 1058 308 alieno
1082 275 1110 309 is
1131 279 1280 319 tempore
1304 276 1473 320 exciperet

136 331 309 364 affinitatis
330 331 440 374 gratia
461 330 678 374 praeveniens,
702 330 915 373 Cleopatram
937 329 1052 369 filiam,
1066 329 1256 363 Alexandri
1278 341 1482 373 germanam.

135 386 282 430 Epirotae
305 385 496 431 despondit,
512 385 617 428 AEgis,
633 383 839 418 Macedoniae
861 385 958 424 urbe,
974 383 1172 427 nuptiarum
1194 388 1362 428 apparatu
1377 385 1468 427 splen

136 439 306 473 didissime
320 439 494 472 instructo.
541 439 608 472 Sed
622 437 817 482 inopinatus
829 449 924 471 casus
936 437 1090 470 laetitiam
1103 437 1305 471 intervertit,
1350 438 1471 471 Etenin

135 494 319 528 Pausanias
335 493 483 537 quidam,
497 493 540 526 ab
555 493 672 526 Attalo
687 491 923 525 contumeliose
937 491 1084 531 habitus,
1101 493 1176 524 cum
1189 492 1312 524 frustra
1327 503 1483 535 conques-

134 552 190 580 tus
205 548 247 580 de
262 547 384 591 injuria
400 550 494 586 esset,
510 546 600 579 inter
614 545 809 589 nuptiarum
832 556 927 578 sacra
949 556 1072 588 regem,
1088 547 1163 578 cum
1178 550 1366 588 spectatum
1387 546 1483 578 ludos

134 601 211 641 iret,
229 612 271 634 ex
292 600 475 644 improviso
497 599 675 632 interfecit.
723 598 896 633 Consciam
918 599 1017 631 caedis
1040 599 1275 642 Olympiadem
1296 599 1405 638 fuisse,
1421 611 1482 632 nec

134 658 306 699 expertem
320 654 558 693 Alexandrum,
571 653 752 685 multorum
767 652 912 696 suspicio
925 656 1007 692 erat,
1021 652 1141 685 exinde
1157 652 1237 685 fidei
1252 653 1389 696 propior
1400 653 1482 692 visa,

133 709 227 752 quod
253 707 435 751 parricidae
455 707 491 739 in
515 717 615 739 cruce
641 705 805 749 pendenti
831 716 954 738 corona
980 716 1083 738 aurea
1110 705 1280 745 audacius,
1297 717 1398 750 quam
1421 717 1483 749 pro

133 761 260 805 privati
282 762 425 800 fortuna,
441 759 598 804 imposita
619 760 738 792 fuerat.
787 758 962 803 Olympias
984 770 1119 802 poenam
1141 759 1183 792 de
1199 760 1377 803 Cleopatra
1399 771 1483 793 sum·

133 821 221 855 tura,
237 817 387 859 peremta
413 815 535 854 sobole,
560 817 701 846 matrem
725 813 769 846 ad
794 812 1011 857 suspendium
1037 813 1159 855 adegit.
1205 814 1358 846 Attalum
1382 813 1484 846 etiam

134 869 337 903 avunculum
351 869 461 912 hujus,
475 879 527 900 res
539 879 643 900 novas
658 867 694 899 in
705 866 786 899 Asia
800 866 1001 906 molientem,
1014 867 1206 899 Alexander
1217 878 1279 910 per
1290 868 1484 900 Hecataeum

134 927 168 956 et
183 922 437 956 Parmenionem
459 920 604 953 sustulit.
652 919 762 953 Graeci
778 924 812 952 et
827 919 972 953 Barbari
988 920 1031 952 ad
1047 931 1140 963 spem
1161 920 1328 953 libertatis
1344 920 1448 953 erecti
1463 932 1484 952 a

134 988 221 1009 novo
244 987 323 1019 rege
348 975 504 1019 opinione
529 974 629 1007 citius
653 974 898 1017 opprimuntur.
945 973 1094 1007 Obsessis
1110 974 1154 1006 ad
1168 975 1291 1018 Tempe
1309 974 1482 1017 angustiis,

133 1041 196 1074 per
209 1029 303 1062 invia
326 1030 416 1063 Ossae
430 1028 466 1060 in
489 1027 694 1060 Theaealiam
717 1027 852 1070 irrupit,
869 1031 904 1060 et
927 1027 1100 1060 celeritate
1124 1027 1276 1071 perfecit,
1291 1032 1331 1060 ut
1345 1027 1483 1071 Pyliaco

132 1083 420 1128 Amphictyonum
443 1081 584 1115 concilio
605 1081 641 1113 in
656 1080 764 1124 patris
779 1081 889 1113 locum
912 1081 981 1114 dux
997 1081 1134 1114 Graeciae
1156 1082 1375 1121 sufficeretur,
1391 1083 1483 1126 quod

133 1138 179 1171 ad
202 1137 401 1171 Corinthum
424 1138 602 1174 conventu,
619 1136 688 1178 quo
710 1145 771 1167 rex
793 1146 813 1167 a
834 1134 1070 1178 Thermopylis
1093 1134 1234 1174 abierat,
1250 1135 1387 1178 publiea
1401 1147 1483 1168 voce

132 1190 316 1234 repetitum
337 1189 412 1229 suit,
428 1193 463 1222 et
478 1188 604 1222 auxilia
626 1191 744 1221 contra
766 1189 884 1221 Persas
906 1187 1050 1220 decreta.
1095 1189 1195 1220 Forte
1210 1187 1247 1220 in
1269 1190 1408 1228 Cranno,
1425 1190 1484 1222 Co-

133 1244 301 1278 rinthiaco
326 1245 413 1283 luco,
428 1242 596 1285 Diogenes
622 1242 777 1284 degebat,
794 1252 895 1285 quem
917 1243 993 1274 cum
1007 1242 1199 1274 Alexander
1213 1245 1358 1284 rogaret,
1374 1246 1414 1275 ut
1435 1242 1484 1275 di-

132 1302 234 1338 ceret,
250 1297 278 1331 si
294 1297 418 1342 quibus
433 1307 517 1340 opus
540 1300 646 1329 esset:
673 1300 691 1313 “
701 1297 733 1328 A
749 1295 844 1334 sole,’'
859 1294 982 1339 inquit,
999 1299 1018 1313 “
1028 1294 1112 1327 mihi
1127 1294 1228 1328 velim
1243 1306 1310 1328 non
1325 1296 1451 1329 obstes:
1466 1296 1482 1310 ’'

132 1351 301 1396 apricanti
327 1351 417 1384 enim
442 1351 608 1383 offecerat.
670 1349 772 1393 Cujus
799 1348 1042 1382 continentiam
1067 1348 1252 1382 admiratus
1277 1360 1336 1382 rex
1362 1348 1482 1382 dixisse

131 1407 256 1440 fertur:
276 1409 295 1423 “
306 1405 438 1439 Vellem
450 1407 484 1437 et
495 1414 557 1446 ego
568 1402 734 1445 Diogenes
747 1413 826 1442 esse,
838 1401 903 1435 nisi
915 1413 1017 1435 essem
1028 1402 1248 1435 Alexander.’'
1293 1404 1483 1436 Graeeorum

131 1461 234 1494 rebus
247 1469 310 1503 pro
325 1462 476 1502 tempore
496 1456 670 1496 ordinatis,
685 1455 722 1489 in
735 1457 899 1490 barbaros
920 1467 981 1489 rex
994 1457 1187 1489 Alexander
1200 1456 1316 1496 movit,
1333 1461 1367 1490 et
1381 1457 1484 1490 Thra-

133 1513 230 1547 cibus
244 1512 280 1544 in
295 1513 393 1545 AEmo
407 1515 521 1544 monte
536 1509 645 1550 vietis,
661 1520 775 1552 regem
795 1509 1021 1542 Triballorum
1042 1510 1209 1553 Syrmum‚
1225 1509 1286 1554 qui
1300 1509 1336 1542 in
1351 1511 1484 1543 Peucen

134 1566 213 1600 Istri
226 1566 371 1599 insulam
384 1565 565 1607 refugerat,
578 1565 622 1597 ad
633 1563 814 1608 petendam
825 1573 944 1607 pacem
955 1562 1083 1606 coegit;
1107 1565 1220 1603 Getas,
1233 1563 1374 1607 trajecto
1386 1565 1483 1603 Istr0‚

133 1618 325 1663 superavit;
350 1622 385 1651 et
399 1629 475 1650 cum
491 1619 736 1651 Germanorum
756 1615 876 1659 legatis
890 1616 998 1649 foedus
1020 1615 1193 1660 percussit.
1239 1618 1305 1649 Per
1317 1616 1485 1659 Agrianos

135 1671 367 1707 Macedoniam
388 1670 557 1714 repetenti
570 1674 680 1703 motus
702 1669 896 1714 Illyriorum
916 1669 1105 1709 nuntiatur,
1121 1669 1182 1713 qui
1196 1670 1390 1703 Taulantios
1405 1681 1484 1714 quo-
1501 1704 1507 1708 ,

135 1738 203 1772 que
217 1726 254 1775 in
268 1725 464 1759 societatem
479 1727 723 1768 pertraxerant.
769 1724 841 1756 Hos
856 1722 947 1756 domi
963 1733 1077 1755 eorum
1091 1733 1152 1756 rex
1165 1722 1344 1765 Agrianus,
1360 1723 1485 1757 amicus

134 1781 337 1819 Alexandro,
352 1780 526 1818 lacessens,
543 1789 564 1811 a
585 1777 747 1811 vexandis
772 1776 1013 1810 Macedonibus
1038 1775 1173 1816 avertit,
1189 1776 1250 1820 qui
1271 1775 1345 1810 illos
1368 1781 1484 1820 postea

136 1836 180 1868 ad
195 1833 335 1873 Pelium,
346 1831 547 1866 Dassaretiae
556 1831 728 1876 oppidum,
741 1830 791 1864 ita
806 1834 1056 1870 concusserunt,
1065 1834 1106 1863 ut
1119 1831 1197 1872 suga
1206 1829 1338 1873 singuli,
1350 1830 1485 1864 incensa

136 1890 232 1929 urbe,
248 1888 488 1921 dilaberentur.
534 1887 670 1920 Interea
690 1896 834 1924 rumore,
849 1885 1078 1918 Alezandrum
1092 1886 1132 1917 in
1155 1885 1310 1918 Triballis
1331 1886 1483 1923 cecidisse,

136 1955 199 1988 per
213 1941 378 1977 Graeciam
399 1941 662 1979 increbescente,
677 1951 767 1972 nova
786 1951 862 1983 spes
884 1949 1010 1971 novum
1033 1939 1216 1971 tumultum
1238 1938 1408 1979 excitavit,
1426 1939 1483 1983 qui

136 1998 374 2032 Thebanorum
396 1994 531 2028 civitati
554 1993 698 2028 exitialis
720 1993 794 2026 fuit.
840 1992 888 2026 ni
907 1992 1006 2032 enim,
1022 1991 1186 2036 praefectis
1210 1993 1361 2026 Cadmea:
1385 1993 1484 2025 truci-

138 2051 236 2091 datis,
251 2050 376 2084 acriter
389 2049 564 2082 instabant
585 2047 740 2092 praesidio
764 2046 860 2087 areis,
876 2046 1048 2080 mittentes
1071 2057 1335 2090 quaquaversus,
1351 2045 1410 2091 qui
1426 2047 1486 2079 lib—

140 2105 257 2139 ertatis
277 2103 498 2138 communiter
522 2102 736 2135 vindicandas
761 2100 947 2134 concitores
973 2104 1089 2134 essent.
1144 2100 1239 2134 Nihil
1263 2111 1344 2134 vero
1371 2101 1486 2134 auxilii

139 2159 347 2192 summissum
367 2157 443 2198 suit,
459 2156 629 2201 plerisque
653 2155 918 2200 expectantibus,
934 2157 1002 2202 quo¹
1024 2155 1160 2188 fortuna
1182 2154 1369 2188 inclinaret„
1416 2156 1487 2187 Rex

142 2212 242 2246 citius
269 2211 426 2256 opinione
450 2211 487 2244 in
512 2209 678 2244 Boeotiam
705 2209 904 2253 irrumpens,
930 2213 1007 2252 post
1031 2208 1138 2242 tridui
1167 2213 1368 2252 apparatum
1398 2208 1487 2240 intra

143 2277 247 2299 unum
261 2266 351 2300 diem
365 2270 401 2299 et
414 2264 626 2309 oppugnavit
641 2267 676 2298 et
690 2263 782 2307 cepit
803 2263 1039 2296 Thebanorum
1060 2263 1189 2302 urbem,
1205 2262 1240 2294 in
1257 2274 1358 2306 quam
1373 2263 1487 2294 erude-

143 2320 218 2359 lius,
235 2330 338 2363 quam
350 2331 413 2363 pro
427 2318 562 2362 ingenio
576 2329 648 2357 suo,
663 2317 789 2357 saeviit3
812 2321 852 2349 ut
867 2327 1006 2361 peregre
1020 2316 1057 2348 in
1072 2318 1190 2349 Persas
1211 2316 1365 2349 abiturus
1383 2326 1489 2347 exem-

146 2374 239 2418 plum
254 2372 470 2416 relinqueret,
485 2372 577 2416 quod
591 2371 673 2405 fidei
687 2371 821 2404 tuendae
836 2375 973 2404 coeteros
995 2370 1199 2403 admoneret.
1245 2369 1330 2402 Solis
1352 2368 1489 2402 Pindari

147 2426 289 2471 posteris
302 2425 339 2458 in
352 2426 511 2458 honorem
522 2425 610 2458 vatis
624 2423 787 2468 pepercit,
803 2424 940 2468 ejusque
953 2424 1087 2456 domum
1102 2423 1242 2456 cremari
1256 2422 1372 2455 vetuit.
1417 2424 1490 2455 Ser-

148 2481 244 2514 vavit
262 2479 362 2513 ctiam
377 2481 524 2512 Deorum
539 2479 689 2518 delubra,
707 2481 741 2512 et
756 2477 891 2511 sortium
915 2477 1064 2510 virorum
1089 2481 1226 2514 statuas,
1244 2475 1402 2518 religione
1419 2487 1478 2520 per
