1583 2680
129 133 178 169 38
590 142 773 174 QUINTI
815 140 998 167 CURTII

125 235 323 285 '‘Praeceps
351 234 391 272 in
419 234 540 273 salum
565 247 697 273 murus
726 233 903 285 pedestre
934 233 1185 284 interceperat
1217 234 1313 273 iter:
1352 247 1471 274 naves

124 311 192 335 nec
220 297 385 336 habebat
411 297 517 347 Rex3
549 302 598 346 et,
618 297 652 335 si
680 296 921 344 admovisset,
943 295 1173 346 ⁸pendentes
1203 302 1243 334 et
1271 297 1470 336 instabiles

124 361 332 399 missilibus
352 361 471 398 arceri
489 365 674 411 poterant.
714 359 824 397 Inter
835 373 919 411 quae
932 373 1050 410 parva
1068 360 1175 398 dictu
1192 373 1252 398 res
1268 360 1470 412 Tyriorum

121 423 298 461 fiduciam
335 424 514 462 accendit.
574 422 934 474 Carthaginensium
964 423 1086 475 legati
1122 423 1172 460 ad
1208 423 1470 463 celebrandum

122 487 420 525 anniversarium
439 500 584 525 sacrum
613 499 717 524 more
734 486 859 536 patrio
879 490 970 524 tunc
988 491 1168 526 venerant
1184 500 1192 525 :
1223 487 1360 538 quippe
1381 486 1470 526 Car-

123 550 317 601 thaginem
362 550 470 601 Tyrii
504 549 764 598 condiderunt,
802 550 972 600 ⁹semper
1006 554 1207 600 parentum
1242 550 1324 588 loco
1363 550 1468 588 culti.

123 613 286 651 Hortari
325 615 414 666 ergo
453 613 566 652 Poeni
604 617 808 663 coeperunt,
847 617 892 650 ut
931 613 1165 652 obsidionem
1202 614 1297 652 forti
1342 614 1468 652 animo

121 682 353 726 paterentur,
391 678 498 716 brevi
538 677 770 728 Carthagine
810 676 958 715 auxilia
993 682 1177 717 ventura:
1224 691 1387 730 namque
1424 681 1471 716 ea

120 744 356 790 tempestate,
386 743 523 792 magna
555 753 602 778 ex
631 745 752 791 parte,
782 740 940 780 Punicis
967 739 1149 780 classibus
1178 741 1299 779 maria
1325 741 1469 780 obside-

119 803 267 841 bantur.

197 869 232 904 9.
263 866 393 917 Igitur
407 866 506 905 bello
527 867 690 916 decreto,
710 880 778 918 per
807 880 935 906 muros
962 872 1159 920 turresque
1186 872 1379 907 tormenta
1397 868 1471 906 dis·

118 934 282 979 ponunt:
311 944 416 968 arma
431 931 649 980 junioribus
669 931 856 980 dividunt,
890 933 912 950 ¹⁰
927 931 1162 983 opificesque,
1182 945 1343 984 quorum
1361 932 1471 984 copia

117 993 209 1032 urbs
228 993 457 1042 abundabat,
478 994 519 1032 in
538 994 703 1033 officinas
733 994 977 1033 distribuunt.
1037 995 1179 1035 Omnia
1205 996 1296 1035 belli
1315 1010 1470 1047 appara-

117 1062 160 1094 tu
198 1061 397 1108 strepunt:
437 1058 572 1096 ferreae
613 1071 760 1109 quoque
800 1071 934 1096 manus
973 1059 996 1076 ¹¹
1013 1058 1288 1108 (harpagonas
1315 1062 1468 1111 vocant)

116 1133 209 1171 quas
245 1120 420 1170 operibus
456 1120 624 1159 hostium
661 1121 872 1170 injicerent,
909 1121 1088 1173 corvique
1127 1127 1166 1160 et
1202 1123 1281 1160 alia
1317 1123 1469 1161 tuendis

117 1184 276 1223 urbibus
295 1184 521 1236 excogitata,
548 1185 871 1235 praeparabantur.
929 1186 1006 1225 Sed
1035 1187 1125 1224 cum
1152 1187 1370 1226 fornacibus
1397 1187 1468 1225 fer·

117 1262 214 1297 rum,
233 1248 335 1299 quod
353 1248 490 1286 excudi
508 1248 717 1299 oportebat,
737 1249 956 1299 impositum
980 1254 1092 1299 esset,
1113 1249 1350 1302 admotisque
1369 1250 1467 1289 folli-

117 1312 188 1350 bus
208 1312 333 1363 ignem
352 1312 444 1350 flatu
461 1313 484 1330 ¹²
498 1311 758 1361 accenderent,
780 1313 973 1364 sanguinis
1000 1313 1075 1351 rivi
1107 1314 1177 1353 sub
1195 1315 1288 1365 ipsis
1305 1315 1467 1353 flammis

117 1375 289 1413 extitisse
309 1375 507 1426 dicuntur,
539 1376 689 1427 131(1(]110
717 1389 827 1414 omen
846 1377 886 1414 in
905 1377 1159 1416 Macedonum
1185 1383 1329 1416 metum
1347 1383 1466 1417 verte-

116 1443 205 1476 runt
238 1439 356 1489 Tyrii.
422 1439 444 1457 ¹⁴
459 1439 577 1489 Apud
610 1438 840 1477 Macedonas
870 1453 1028 1492 quoque,
1065 1442 1154 1479 011111
1190 1441 1291 1479 forte
1329 1455 1466 1492 panem

115 1502 271 1553 quidam
300 1503 468 1541 militum
497 1503 704 1554 frangeret,
724 1504 914 1541 manantis
942 1504 1138 1555 sanguinis
1165 1510 1298 1556 guttas
1315 1510 1466 1544 notave-

116 1571 226 1615 1·unt;
266 1566 475 1617 territoque
507 1566 627 1617 Rege,
660 1566 892 1604 Aristander
927 1567 1180 1617 peritissimus
1216 1573 1358 1618 vatum,
1397 1569 1466 1608 “si

116 1629 351 1667 extrinsecus
365 1642 474 1667 cruor
488 1629 671 1678 fluxisset,
687 1629 960 1669 Macedonibus
979 1630 1020 1668 id
1036 1630 1148 1669 triste
1161 1631 1371 1682 futurum‚'’
1386 1632 1464 1671 ait:

117 1694 292 1741 “eontra,
313 1705 399 1729 cum
419 1692 466 1730 ab
485 1692 663 1731 interiore
681 1698 790 1743 parte
809 1694 1034 1743 manaverit,
1050 1694 1148 1743 urbi,
1161 1708 1274 1745 quam
1289 1696 1465 1734 obsidere

116 1756 386 1804 destinassent,
408 1755 551 1793 exitum
570 1756 832 1806 portendere.'’
901 1757 1121 1795 Alexander
1140 1759 1228 1795 cum
1247 1763 1285 1796 et
1305 1759 1461 1797 classem

115 1819 247 1869 procul
275 1819 445 1866 haberet,
467 1824 507 1856 et
539 1819 690 1869 longam
723 1819 961 1857 obsidionem
991 1833 1129 1871 magno
1147 1821 1222 1859 sibi
1251 1821 1300 1859 ad
1328 1827 1465 1862 caetera

116 1881 386 1932 impedimento
423 1881 572 1919 videret
607 1882 700 1929 fore,
739 1882 1018 1931 caduceatores,
1055 1883 1122 1934 qui
1158 1884 1206 1922 ad
1237 1898 1367 1935 pacem
1399 1899 1463 1925 eos

116 1945 397 1996 compellerent,
418 1945 548 1983 misit:
577 1958 670 1996 quos
703 1945 812 1995 Tyrii
835 1946 1004 1984 lt'contra
1030 1948 1094 1996 jus
1120 1948 1292 1999 gentium
1320 1950 1463 1989 occisos

115 2009 448 2059 praepritaverunt
485 2008 522 2045 in
559 2008 691 2046 altum.
747 2009 875 2060 Atque
906 2009 971 2047 ille
1003 2023 1157 2049 suorum
1192 2016 1270 2049 tam
1306 2012 1462 2065 indigna

114 2086 202 2110 nece
236 2077 457 2121 commotus,
489 2072 622 2110 urbem
655 2072 829 2110 obsidere
861 2073 1009 2112 statuit.
1066 2074 1142 2113 Sed
1173 2077 1261 2113 ante
1287 2076 1464 2126 jacienda

115 2136 232 2173 moles
263 2140 356 2184 crat,
376 2149 462 2186 quae
491 2135 623 2174 urbem
653 2135 860 2176 continenti
889 2137 1153 2176 committeret.
1210 2138 1353 2190 Ingens
1371 2141 1461 2192 ergo

115 2200 258 2237 animos
295 2199 461 2237 militum
499 2199 714 2250 desperatio
750 2200 918 2249 incessit,
957 2201 1190 2239 cernentium
1235 2203 1462 2253 profundum

114 2277 228 2311 marc,
257 2263 356 2314 quod
385 2263 450 2301 vix
483 2263 613 2301 divina¹
643 2277 711 2314 ope
742 2269 870 2314 posset
899 2264 1071 2314 impleri:
1103 2269 1122 2286 ‘·'
1140 2265 1233 2311 Qua:
1262 2279 1355 2305 saxa
1383 2272 1461 2305 tam

115 2332 233 2375 vasta,
253 2340 346 2378 quas
377 2331 457 2364 tam
476 2341 649 2377 proceras
668 2327 823 2366 arbores
850 2341 958 2378 posse
986 2329 1175 2379 reperiri?
1206 2330 1460 2369 ¹⁶exhaurien-

115 2390 182 2427 das
216 2403 297 2428 esse
329 2390 512 2441 regionem,
546 2395 590 2428 ut
622 2390 717 2428 illud
747 2391 914 2441 spatium
946 2398 1214 2443 aggerat-etur:
1251 2399 1461 2433 exaestuare

117 2467 264 2504 semper
283 2455 432 2502 fretum,
452 2455 598 2506 quoquo
627 2455 767 2492 arctius
786 2455 978 2494 volutetur
1009 2456 1109 2494 iuter
1128 2457 1288 2496 insulam
1308 2462 1347 2496 ct
1374 2470 1457 2496 con·
