1583 2680
111 170 156 206 10
569 179 751 211 QUINTI
794 176 977 203 cunni

106 277 216 310 sunt:
248 271 336 310 18ad
355 277 494 310 nutum
522 271 711 309 monentis
740 269 892 317 intenti,
914 269 1022 320 sequi
1050 269 1172 320 signa,
1194 269 1346 308 ordines
1375 283 1448 308 ser·

104 349 195 374 vare
209 335 390 374 didicere.
451 335 563 380 Quod
578 335 800 384 imperatur,
815 345 944 370 omnes
960 333 1192 370 exaudiunt:
1215 333 1448 382 ¹⁹obsistere,

105 399 315 449 circumire,
336 400 552 436 discurrere
572 398 612 435 in
631 410 760 444 cornu,
776 400 926 433 mutare
946 409 1124 447 pugnam,
1144 408 1221 434 non
1240 396 1356 434 duces
1374 410 1449 434 ma-

107 463 167 513 gis
186 463 304 514 quam
326 462 469 500 milites
489 462 517 480 ²⁰
531 461 680 498 callent.
741 459 795 497 Et
814 472 861 497 ne
882 459 966 496 auri
994 459 1216 511 argentique
1245 460 1374 498 studio
1395 465 1449 497 te-

109 527 193 564 neri
220 531 344 576 puteS,
366 526 392 543 ²¹
408 525 530 562 adhuc
550 525 617 561 illa
637 522 840 573 disciplina
866 527 1092 573 paupertate
1119 523 1305 573 magistra
1324 523 1447 570 stetit,

104 590 278 641 fatigatis
307 589 445 626 humus
478 587 605 626 cubile
635 591 716 624 est:
757 586 865 625 cibus
900 587 928 604 ²²
942 599 1058 637 quem
1090 590 1288 636 occupant,
1321 587 1446 623 satiat.

106 654 133 671 ²³
149 653 336 703 Tempora
357 652 480 690 somni
500 651 666 688 arctiora
680 651 798 700 quam
817 650 941 687 noctis
961 654 1060 687 sunt.
1119 649 1150 687 J
1152 663 1213 687 am
1232 650 1259 667 ²⁴
1274 649 1450 687 Thessali

105 716 252 767 equites
272 721 311 753 et
331 716 566 762 Acarnanes,
584 713 798 764 AEtolique,
814 713 958 751 invicta
975 712 1078 751 bello
1097 725 1243 760 manus,
1265 713 1293 730 ²⁵
1306 713 1448 759 fundis,

104 779 229 828 eredo,
249 784 287 816 et
306 779 334 796 ²⁰
347 778 469 816 hastis
489 778 576 829 igne
603 777 764 825 duratis,
785 776 1047 827 repellentur?
1076 776 1160 826 pari
1187 776 1325 814 robore
1355 788 1450 826 opus

103 848 173 880 est.
231 842 280 879 In
307 842 377 879 illa
405 843 521 889 terra,
542 853 628 892 quae
657 840 727 877 hos
755 840 901 891 genuit,
931 839 1076 877 auxilia
1106 839 1314 890 quaerenda
1347 844 1447 876 sunt.

103 906 321 956 Argentum
339 905 374 927 2⁷
386 904 491 942 istud
502 908 614 955 atque
625 917 760 941 aurum
770 903 818 940 ad
831 902 1118 941 conducendum
1130 902 1293 940 militem
1305 902 1449 940 mitte.''

106 969 203 1006 Erat
224 968 341 1006 Dario
370 968 464 1006 mite
484 981 527 1005 ac
547 967 750 1006 tractabile
783 966 992 1017 ingenium,
1012 966 1089 1003 nisi
1117 966 1235 1003 etiam
1263 979 1370 1004 suam
1388 979 1449 1003 na-

104 1037 231 1069 turam
250 1032 477 1082 plerumque
506 1031 663 1068 fortuna
690 1034 965 1080 corrumperet.
1023 1029 1163 1079 Itaque
1183 1029 1362 1067 veritatis
1382 1029 1450 1066 im-

102 1095 262 1145 patiens,
283 1095 473 1144 hospitem
493 1107 536 1131 ac
555 1093 778 1143 supplicem,
799 1097 892 1130 tunc
920 1093 1010 1129 eum
1036 1092 1204 1129 maxime
1233 1092 1346 1129 utilia
1366 1105 1448 1129 sua-

105 1159 272 1206 dentem,
295 1157 467 1196 abstrahi
490 1156 611 1206 jussit
630 1155 679 1193 ad
700 1155 863 1205 capitale
893 1155 1132 1205 supplicium.
1191 1155 1278 1203 Ille,
1299 1168 1347 1192 ne
1367 1160 1449 1192 tum

103 1221 257 1272 quidem
284 1220 478 1259 libertatis
498 1220 663 1258 oblitus:
695 1221 717 1240 ‘⁴
732 1219 906 1267 Habeo‚⁷'
927 1218 1062 1269 inquit,
1083 1221 1294 1268 “paratum
1314 1224 1448 1256 mortis

103 1298 198 1323 meae
216 1285 404 1333 ultorem3
434 1284 627 1334 ²⁸expetet
645 1295 776 1333 peenas
796 1282 868 1320 mei
890 1282 1041 1320 consilii
1060 1282 1180 1332 spreti
1199 1281 1232 1318 is
1252 1281 1344 1332 ipse,
1365 1295 1449 1320 cou-

105 1353 165 1386 tra
193 1361 307 1399 quem
336 1347 409 1385 tibi
440 1347 552 1385 suasi.
611 1347 671 1383 Tu
698 1345 853 1397 quidem
882 1345 1040 1383 licentia
1070 1345 1178 1395 regni
1210 1350 1290 1382 tam
1320 1345 1448 1383 subito

103 1416 285 1459 mutatus,
303 1410 572 1448 documentum
593 1409 669 1448 eris
688 1409 865 1459 posteris,
882 1408 1065 1457 homines,
1083 1411 1166 1446 cum
1181 1422 1221 1446 se
1240 1409 1448 1458 permisere

103 1475 281 1522 fortunae,
302 1475 420 1511 etiam
448 1478 626 1511 naturam
656 1473 889 1510 dediscere.’'
947 1471 1045 1509 Haec
1064 1472 1347 1520 vociferantem,
1368 1472 1448 1523 qui-

102 1538 173 1577 bus
194 1542 276 1576 erat
296 1538 538 1588 imperatum,
556 1536 746 1587 jugulant.
805 1536 898 1574 Sera
917 1535 1056 1573 deinde
1083 1535 1310 1585 poenitentia
1330 1536 1448 1573 subiit

102 1602 273 1652 Regem:
304 1615 346 1639 ac
366 1615 459 1639 vera
479 1601 624 1638 dixisse
645 1600 854 1647 confessus,
876 1612 962 1636 eum
982 1598 1136 1649 sepeliri
1152 1599 1280 1648 jussit.

181 1665 264 1703 ΠΙ.
297 1667 330 1702 6.
364 1664 588 1714 Thymodes
618 1668 701 1701 erat
731 1662 924 1700 Mentoris
952 1661 1068 1710 filius,
1088 1661 1250 1713 impiger
1280 1662 1447 1711 juvenis,

104 1729 165 1766 cui
193 1733 428 1779 praeceptum
452 1733 512 1765 est
531 1741 552 1765 a
572 1727 704 1778 Rege;
733 1731 779 1764 ut
799 1738 929 1764 omnes
959 1726 968 1743 ¹
982 1726 1204 1776 peregrines
1231 1725 1387 1772 milites,
1408 1714 1459 1762 iu

101 1793 209 1843 queis
236 1792 449 1842 plurimum
476 1791 642 1828 habebat
671 1790 762 1840 spei,
784 1803 806 1827 a
826 1788 1073 1826 Pharnabazo
1102 1788 1301 1838 acciperet,
1322 1790 1438 1838 opera

105 1869 236 1893 eorum
255 1867 397 1892 usurus
416 1854 456 1890 in
476 1853 589 1892 bello.
648 1853 732 1902 Ipsi
761 1851 1013 1889 Pharnabazo
1042 1851 1206 1888 tradidit
1234 1851 1446 1901 imperium,

101 1918 205 1970 quod
227 1922 341 1955 antea
362 1916 560 1954 Memnoni
581 1915 747 1954 dederat.
806 1914 980 1952 Anxium
1000 1914 1047 1951 de
1068 1914 1302 1952 instantibus
1332 1915 1446 1963 euris,

102 1982 302 2032 agitabant
333 1981 447 2018 etiam
479 1993 547 2030 per
576 1993 749 2017 somnum
776 1978 951 2029 '‘'species
982 1977 1262 2015 imminentium
1295 1991 1445 2016 rerum:
1501 1986 1503 1988 ’

101 2045 182 2083 sive
203 2045 291 2082 illas
311 2043 514 2095 aegrstudo,
532 2043 610 2080 sive
626 2042 811 2080 divinatio
829 2042 944 2079 animi
964 2041 1228 2092 praesagieutis
1249 2041 1261 2058 ³
1275 2042 1444 2079 accersit.

104 2108 242 2147 Castra
262 2107 481 2146 Alexandri
509 2106 645 2157 ma'gno
666 2106 767 2157 iguis
787 2105 936 2156 fulgore
966 2105 1154 2142 collucere
1175 2104 1209 2142 ci
1229 2105 1314 2142 visa
1343 2111 1444 2154 sunt,

99 2177 139 2210 et
159 2172 274 2222 paulo
294 2176 382 2222 post
401 2171 412 2188 ⁴
429 2170 654 2208 Alexander
675 2169 813 2207 adduci
833 2169 881 2206 ad
903 2169 1027 2218 ipsum
1047 2168 1085 2205 in
1102 2181 1145 2206 eo
1161 2168 1280 2205 vestis
1299 2168 1445 2217 habitu,

101 2237 112 2253 '⁴
126 2249 201 2287 quo
222 2235 303 2285 ipse
324 2235 483 2272 fuisset:
515 2246 610 2284 equo
640 2233 777 2270 deinde
806 2246 873 2282 per
894 2232 1131 2282 Babylonem
1151 2237 1295 2278 vectus,
1317 2232 1445 2270 subito

99 2313 186 2337 cum
218 2299 300 2349 ipso
331 2312 428 2348 equo
457 2297 579 2334 oeulis
609 2310 691 2334 esse
725 2296 946 2333 subductus.
1006 2295 1072 2332 Ad
1101 2295 1181 2333 lime
1210 2301 1318 2333 vates
1338 2296 1443 2333 varia

98 2362 416 2413 interpretatione
450 2362 461 2377 ⁰
477 2374 607 2398 euram
643 2360 918 2397 distrinxerunt
936 2372 942 2395 τ
974 2359 1039 2396 alii
1075 2362 1095 2378 ‘⁸
1111 2359 1242 2396 laetuin
1272 2358 1311 2396 id
1345 2358 1444 2409 Regi

98 2427 290 2464 somnium
325 2425 445 2472 esse‚’⁷
481 2424 670 2470 dicebant,
693 2427 713 2444 “
741 2423 843 2474 quod
877 2428 1003 2460 eastra
1042 2423 1208 2460 hostium
1243 2422 1442 2469 arsissent,

97 2490 200 2541 qued
225 2488 490 2527 Alexandrum
521 2487 693 2538 deposita
725 2487 829 2537 regist
852 2491 972 2533 vesto,
996 2486 1031 2523 in
1056 2486 1213 2524 Persico
1235 2491 1273 2523 et
1293 2485 1441 2535 vulgari
