1583 2680
463 138 625 165 mnan
662 138 755 164 vu.
795 137 905 164 car.
945 138 974 162 1.
1330 127 1401 164 143

64 231 222 270 strenue
258 229 307 268 ad
337 230 557 281 armigcrOS,
577 230 643 282 qui
674 229 846 282 proxime
881 229 1148 281 sequebantur,
1184 230 1399 268 recessisse.

65 295 90 313 ¹⁰
102 294 169 333 Ad
195 294 277 332 haec
305 294 493 342 accedere,
513 294 618 345 quod
637 295 725 332 cum
744 293 997 345 Antiphanes,
1028 294 1051 311 ¹¹
1067 292 1192 331 scriba
1219 293 1401 344 equitum,

63 358 247 408 Amyntae
266 356 550 405 denunciasset,
570 357 693 407 pridie
721 357 836 408 quam
864 356 1032 395 Philotae
1051 356 1175 394 seclus
1203 356 1402 406 deprehen-

64 433 148 458 sum
167 425 279 468 esset,
300 425 345 458 ut
373 430 422 458 ex
449 420 529 458 suis
549 420 668 471 equis,
688 433 794 458 more
822 419 948 467 solito,
970 419 1079 457 daret
1105 419 1154 456 iis
1172 419 1239 470 qui
1259 419 1402 456 amisis-

64 487 150 521 sent
168 495 278 532 suos;
309 483 472 534 superbe
502 483 756 533 respondisse,
775 483 851 521 nisi
880 483 1030 534 incepto
1061 482 1276 531 desisteret,
1296 482 1404 521 brevi

64 546 250 584 sciturum
268 547 355 598 quis
385 546 466 597 ipse
494 552 608 584 esset.
666 546 696 584 J
699 560 760 584 am
788 546 930 597 linguae
947 545 1184 594 violentiam,
1213 546 1402 584 temerita-

64 614 216 660 temque
253 609 468 657 verborum,
506 622 593 660 qua}
629 609 670 647 in
707 611 954 660 semetipsum
995 609 1270 659 jacularentur,
1307 608 1405 646 nihil

63 672 171 710 aliud
201 685 296 720 esse,
315 673 432 724 quam
463 672 616 711 scelesti
645 672 762 710 animi
795 672 959 710 indicem
989 685 1033 710 ac
1062 676 1226 710 testem:
1256 685 1343 723 quae
1373 671 1405 709 si

63 747 154 772 vera
185 740 325 783 essent,
359 735 462 773 idem
495 735 679 773 meruisse
718 748 782 773 eos
818 735 921 786 quod
959 735 1179 774 Philotam:
1226 735 1259 773 si
1295 735 1404 782 falsa,

63 798 216 848 exigere
243 798 368 848 ipsum
398 803 442 836 ut
471 797 656 836 refellant.
732 797 952 836 Productus
981 798 1119 836 deinde
1150 798 1405 848 Antiphanes,

63 861 110 900 de
130 861 238 912 equis
259 874 335 899 non
354 861 522 909 traditis,
544 865 583 899 et
602 861 763 911 adjectis
783 861 899 899 ctiam
919 861 1083 912 superbe
1101 862 1214 899 minis
1233 861 1386 898 indicat.

143 927 178 962 3.
208 923 309 962 Tum
335 924 539 974 Amyntas,
571 923 673 961 facta
703 923 855 961 dicendi
884 928 1100 974 potestate:
1131 927 1153 945 “
1171 923 1255 962 ¹²Si
1273 923 1406 972 nihil,’'

62 987 200 1038 inquit,
221 986 414 1025 “interest
441 986 574 1037 Regis,
593 991 694 1036 peto,
714 990 759 1024 ut
789 986 880 1024 dum
909 987 1008 1035 dico,
1037 987 1199 1025 vinculis
1231 987 1407 1025 liberer.’‘

62 1050 150 1088 Rex
167 1049 263 1088 solvi
280 1054 485 1099 utrumque
499 1049 635 1098 jubet:
665 1048 972 1100 desiderantique
991 1050 1177 1100 Amyntae
1204 1055 1248 1087 ut
1269 1050 1292 1068 ¹³
1306 1049 1406 1088 habi-

61 1118 125 1151 tus
143 1125 290 1164 quoque
307 1111 543 1160 redderetur,
564 1111 742 1163 armigeri
759 1111 928 1149 lanceam
947 1111 1030 1150 dari
1055 1113 1196 1162 jussit:
1224 1126 1338 1163 quam
1364 1117 1410 1150 ut

62 1176 161 1215 laeva
179 1174 476 1226 comprehendit,
496 1175 638 1213 evitato
657 1187 700 1212 eo
719 1174 815 1223 loco,
834 1174 875 1212 in
901 1187 976 1226 quo
998 1175 1023 1194 ²⁴
1036 1175 1248 1213 Alexandri
1276 1189 1410 1227 corpus

62 1239 176 1291 paulo
213 1240 300 1277 ante
333 1240 518 1289 jacuerat,
560 1240 580 1260 ‘⁴
597 1237 929 1290 Qualiscumque,”
965 1238 1102 1290 inquit,
1141 1239 1305 1277 “exitus
1340 1252 1411 1277 nos

62 1307 200 1352 manet,
231 1303 331 1351 Rex,
362 1302 590 1350 confitemur,
618 1313 843 1352 prosperum
870 1306 1046 1340 eventum
1081 1301 1155 1340 tibi
1191 1302 1408 1351 debitur053

62 1366 283 1415 tristiorem,
302 1366 470 1404 fortunae
488 1365 753 1416 imputaturus,
810 1364 902 1404 Sine
918 1365 1140 1415 praejudicio
1154 1365 1314 1403 dicimus
1329 1379 1411 1403 cau-

63 1442 158 1478 sam,
175 1429 307 1468 liberis
334 1428 556 1479 corporibus
586 1428 821 1478 animisque:
849 1427 1022 1466 habitum
1050 1428 1178 1478 etiam,
1205 1428 1245 1466 in
1272 1441 1346 1480 quo
1374 1434 1412 1466 tc

64 1492 240 1530 comitari
266 1491 445 1539 solemus,
473 1490 689 1528 reddidisti.
760 1489 926 1529 Causam
952 1503 1027 1529 non
1054 1504 1266 1542 possumuS,
1294 1492 1412 1530 fortu-

63 1567 151 1592 nam
170 1555 307 1592 timere
327 1553 575 1591 desinemus.”

146 1617 239 1656 “Te
256 1629 398 1668 quaem,
417 1615 619 1666 permittas
636 1615 731 1652 mihi
750 1614 790 1652 id
805 1614 969 1666 primum
988 1615 1202 1664 defendere,
1222 1616 1323 1667 quod
1337 1630 1360 1655 a
1375 1621 1413 1655 te

64 1681 243 1719 ultimum
263 1680 452 1730 objectum
472 1683 540 1717 est.
598 1677 693 1726 Nos,
714 1678 813 1726 Rex,
833 1678 1020 1716 sermonis
1039 1678 1221 1717 adversus
1240 1681 1414 1729 majesta-

65 1749 143 1783 tem
172 1748 279 1782 tuam
305 1742 430 1781 habiti
459 1741 600 1779 nullius
630 1741 770 1779 conscii
800 1754 930 1779 sumus
958 1741 1077 1780 nobis
1134 1741 1414 1792 Dicerem,jam

64 1807 213 1859 pridem
229 1806 368 1845 vicisse
385 1809 425 1843 te
443 1803 640 1852 invidiam,
658 1804 732 1842 nisi
751 1803 960 1854 periculum
979 1809 1090 1853 esset,
1109 1817 1156 1842 ne
1184 1805 1260 1843 alia
1283 1805 1414 1856 malig-

64 1871 152 1909 nius
169 1870 275 1908 dicta
292 1868 466 1907 crederes
483 1867 626 1907 blanda
645 1867 816 1906 oratione
834 1867 998 1919 purgari.
1031 1867 1238 1917 Caeterum,
1254 1868 1413 1916 etiamsi,

65 1933 203 1972 militis
220 1932 279 1971 tui
296 1931 359 1971 vel
376 1931 417 1969 in
434 1931 584 1983 agmine
603 1930 814 1968 deficientis
835 1935 875 1968 et
892 1930 1060 1982 fatigati,
1082 1930 1141 1969 vel
1160 1931 1199 1968 in
1219 1931 1298 1968 acie
1316 1931 1414 1981 peri-

67 1995 250 2045 clitantis,
266 1994 329 2034 vel
355 1993 396 2032 in
423 1992 667 2033 tabernaculo
696 1993 790 2044 aegri
820 1997 860 2031 et
887 1993 1046 2031 vulnera
1075 1993 1256 2042 curantis,
1288 1993 1415 2045 aliqua

67 2071 142 2097 vox
160 2057 328 2108 asperior
342 2061 444 2096 esset
461 2061 625 2107 accepta,
636 2068 897 2094 merueramus
910 2056 1073 2094 fortibus
1086 2056 1210 2105 factis,
1221 2061 1266 2095 ut
1282 2057 1415 2095 malles

69 2134 114 2160 ea
134 2122 158 2139 ¹⁵
173 2119 334 2171 tempori
350 2124 483 2158 nostro
500 2119 702 2171 imputare,
722 2121 838 2171 quam
857 2118 992 2157 animo.
1051 2119 1074 2138 ¹⁰
1091 2119 1191 2159 cum
1210 2119 1303 2171 quid
1322 2120 1414 2157 acci-

69 2184 128 2222 dit
155 2183 321 2232 tristius,
339 2195 468 2221 omnes
496 2183 553 2222 rei
582 2188 695 2221 sunt:
724 2182 945 2234 corporibus
973 2183 1129 2232 nostris,
1165 2197 1251 2235 quae
1285 2183 1415 2234 utique

68 2260 144 2285 non
163 2246 322 2294 odimus,
341 2245 500 2283 infestas
527 2245 769 2284 admovemus
797 2258 942 2284 manus.
999 2245 1184 2284 Parentes
1211 2246 1353 2293 liberis,
1383 2246 1415 2282 si

68 2313 279 2357 occurrant,
298 2313 338 2347 et
355 2307 499 2360 ingrati
524 2313 566 2347 et
591 2308 707 2348 invisi
725 2315 824 2348 sunt.
883 2308 1040 2358 Contra,
1061 2311 1150 2347 cum
1169 2309 1278 2347 donis
1304 2308 1416 2345 hono·

70 2387 210 2421 ramur,
229 2375 313 2411 oiim
330 2371 499 2423 praemiis
518 2372 646 2410 onusti
659 2374 894 2422 revertimur,
913 2374 1000 2426 quis
1021 2374 1043 2392 ¹⁷
1057 2373 1158 2411 ferre
1175 2384 1244 2409 nos
1258 2369 1416 2420 potest?

70 2437 155 2489 ⁴:guis
173 2436 280 2475 illam
308 2435 518 2474 animorum
535 2433 772 2474 alacritatem
789 2437 981 2475 continere
996 2436 1014 2473 ’.Ρ
1068 2433 1320 2473 Militantium
1346 2445 1416 2470 nec
