1583 2680
147 130 197 167 90
612 141 796 173 QUINTI
835 139 1019 166 euRTu

147 234 214 272 vix
246 233 408 285 singulis
439 233 601 284 pervios,
624 234 749 272 omnia
781 232 931 283 contegi
963 231 1178 279 frondibus,
1199 231 1490 282 ²implexosquc

147 297 325 335 arborum
344 309 469 334 ramos
490 296 616 347 sylvas
637 297 886 334 committere.
944 295 1122 346 Namque
1151 294 1282 331 Persis
1302 293 1349 332 ab
1369 294 1490 331 altero

146 359 267 397 latere
286 360 482 410 perpetuis
502 360 690 398 montium
715 360 820 410 jugis
854 358 1061 406 clauditur,
1083 357 1094 374 ³
1108 357 1211 408 quod
1226 357 1266 394 in
1284 355 1489 407 longitudi-

146 435 233 459 nem
267 436 347 460 mne
382 422 519 470 stadia,
549 423 589 459 in
620 422 866 460 latitudinem
901 434 1004 459 eLxx
1031 420 1234 471 procurrit.
1293 420 1380 457 Hoc
1409 418 1490 455 dor-

147 498 230 522 sum
250 499 272 522 a
294 484 462 523 Caucaso
483 490 612 522 monte
648 485 697 522 ad
729 485 914 523 ⁴rubrum
950 484 1060 522 Mare
1091 483 1283 533 pertinet:
1314 482 1491 533 ‘'quaque

147 548 276 585 deficit
294 561 413 596 mons,
435 547 540 585 aliud
559 548 848 596 munimentum,
862 547 1006 584 fretum
1027 546 1219 596 objectum
1239 550 1305 583 est.
1365 543 1490 582 Plani—

147 611 221 648 ties
258 610 396 648 deinde
435 611 506 648 sub
551 610 748 649 radicibus
784 610 974 648 montium
1021 609 1190 660 spatiosa
1224 606 1468 658 “procumbit

147 674 287 711 fertilis
307 678 422 721 terra,
442 673 652 725 multisque
671 674 766 712 vicis
786 679 900 725 atquc
919 673 1080 711 urbibus
1100 673 1291 723 frequens.
1339 672 1491 708 Araxes

147 738 267 774 amnis
287 751 353 787 per
372 738 440 774 hos
466 750 618 787 campos
651 737 862 775 multorum
882 749 997 787 aquas
1026 736 1254 773 torrentium
1282 733 1426 772 evolvit
1453 732 1491 769 iu

149 801 318 838 Medum.
379 801 520 837 Medus
554 801 602 837 ad
632 813 748 847 mare,
779 800 981 837 meridiem
1015 800 1167 846 versus,
1196 798 1343 836 ⁷minor
1372 796 1492 834 amnis

148 877 190 901 co
224 877 337 914 quem
371 864 530 913 accepit,
565 863 764 912 evehitur3
806 862 1085 913 gignendaeque
1117 861 1247 900 herbae
1282 874 1358 899 non
1395 859 1493 897 alius

148 932 207 964 est
238 927 372 976 aptior,
408 926 596 978 quidquid
623 926 748 974 alluit,
777 926 936 964 fioribus
964 926 1146 964 vestiens.
1215 924 1372 963 Platani
1404 936 1491 974 quo-

147 1003 219 1041 que
240 996 278 1028 et
307 991 438 1041 populi
468 994 678 1041 contegunt
697 990 812 1040 ripas,
833 989 845 1007 ⁸
860 990 916 1027 ita
935 994 980 1027 ut
1012 989 1148 1040 procul
1167 988 1382 1027 visentibus
1410 999 1491 1024 con-

149 1054 296 1091 tinuata
314 1054 518 1091 videantur
536 1053 732 1091 montibus
763 1065 919 1090 nemora
949 1053 1130 1102 riparum.
1191 1051 1342 1101 Quippe
1364 1050 1492 1088 obum-

148 1117 281 1155 bratus
302 1117 433 1165 amnis,
456 1129 587 1167 presso
608 1116 648 1153 in
679 1115 804 1154 solum
835 1115 1021 1153 dilabitur
1052 1115 1186 1153 alveo:
1217 1114 1492 1164 imminentque

148 1180 276 1228 colles,
314 1180 387 1230 ipsi
424 1192 573 1230 quoque
610 1178 813 1216 frondibus
850 1178 942 1226 laeti,
981 1178 1127 1216 radices
1167 1191 1301 1215 eorum
1328 1177 1488 1214 humore

149 1243 346 1282 subeunte.
419 1243 542 1293 Regio
575 1243 677 1280 ⁹non
711 1242 786 1279 alia
825 1244 907 1279 tota
947 1241 1046 1279 Asia
1085 1241 1276 1279 salubrior
1304 1240 1490 1278 habetur:

149 1311 336 1357 temperat
356 1306 492 1344 eoelum
511 1306 599 1342 hinc
618 1310 847 1355 perpetuum
864 1307 1000 1355 jugum
1020 1318 1179 1355 opacum
1199 1309 1238 1342 et
1256 1304 1491 1350 umbrosum,

148 1371 250 1421 quod
269 1375 387 1408 aestus
407 1370 530 1418 levat3
562 1369 667 1406 illinc
686 1382 790 1406 mare
810 1369 1046 1418 adjunctum,
1068 1368 1171 1419 quod
1191 1368 1340 1405 modico
1361 1373 1492 1418 tepore

151 1439 271 1471 terras
284 1434 398 1471 fovet.

234 1499 289 1534 14.
323 1497 399 1534 His
428 1496 602 1546 captivus
632 1495 817 1545 expositis
848 1495 1108 1546 interrogatus
1128 1508 1149 1531 a
1170 1494 1289 1545 Rege,
1309 1494 1493 1531 auditune

150 1573 196 1597 an
217 1560 336 1597 oculis
357 1564 551 1609 comperta
583 1559 753 1608 haberet,
773 1572 860 1609 quae
891 1558 1035 1596 diceret
1054 1571 1061 1595 :
1091 1562 1284 1608 pastorem
1304 1570 1343 1595 se
1362 1557 1493 1605 fuisse,

150 1629 189 1660 et
209 1636 337 1661 omnes
358 1636 422 1660 eos
443 1622 559 1660 calles
590 1622 822 1672 percurrisse
850 1622 1073 1672 respondit3
1104 1621 1164 1660 bis
1192 1626 1356 1671 captum,
1377 1621 1495 1659 semel

151 1701 172 1724 a
192 1687 322 1724 Persis
356 1687 396 1723 in
427 1686 562 1736 Lycia,
583 1686 724 1723 iterum
755 1686 801 1724 ab
831 1685 924 1736 ipso.
983 1685 1097 1724 Subit
1117 1685 1284 1722 animum
1311 1684 1495 1722 memoria.

153 1751 274 1801 Regis
309 1750 462 1788 oraculo
497 1749 614 1787 editae
645 1749 770 1786 sortis.
843 1748 993 1798 Quippe
1024 1748 1238 1786 consulenti
1270 1760 1495 1798 responsum

153 1819 247 1862 erat,
281 1814 415 1851 ducem
446 1813 485 1850 in
517 1812 719 1850 Persidem
750 1812 909 1849 ferentis
947 1812 1020 1849 via}
1054 1811 1215 1861 Lycium
1248 1810 1370 1849 civem
1400 1812 1492 1849 sore.

154 1877 319 1928 ¹⁰Igitur
348 1875 559 1927 promissis,
597 1879 740 1925 quanta
777 1879 816 1911 et
853 1887 1021 1924 praesens
1057 1873 1264 1911 necessitas
1304 1875 1494 1925 exigebat,

152 1950 190 1977 et
226 1941 349 1990 ipsius
382 1940 538 1977 fortuna
576 1937 762 1987 capiebat,
795 1942 1007 1985 oneratum,
1047 1937 1187 1974 armari
1221 1937 1333 1987 jubet
1372 1938 1496 1976 Maee-

152 2004 293 2041 donum
312 2016 438 2040 more:
469 2007 520 2049 et,
541 2000 642 2052 quod
662 2000 757 2039 benc·
779 2006 958 2048 verteret,
975 2005 1187 2038 monstrare
1208 2000 1299 2050 itcr;
1322 2002 1496 2052 quamvis

153 2067 314 2104 arduum
335 2071 373 2103 et
393 2078 573 2115 praeeeps,
595 2077 796 2102 evasurum
818 2077 856 2102 se
877 2077 958 2102 esse
989 2077 1075 2101 cum
1107 2064 1261 2114 paucis:
1291 2065 1367 2102 nisi
1395 2065 1496 2103 forte

153 2129 337 2176 erederet,
358 2130 433 2180 quo
454 2129 534 2178 ipse
554 2128 701 2178 pecoris
723 2129 835 2165 causa
865 2131 972 2175 isset,
995 2127 1263 2165 Alexandrum
1282 2141 1351 2179 pro
1371 2128 1496 2179 gloria

154 2199 193 2231 et
212 2195 397 2243 perpetua
418 2192 530 2229 laude
552 2192 606 2228 ire
626 2204 701 2228 non
721 2204 841 2241 posse.
901 2191 1033 2228 Etiam
1067 2197 1181 2242 atque
1210 2191 1326 2229 etiam
1361 2191 1496 2229 docere

155 2257 339 2307 captivus,
373 2257 489 2306 quam
529 2254 681 2291 difficile
720 2254 793 2291 iter
831 2260 942 2301 essct,
977 2255 1140 2292 maxime-
1175 2255 1339 2292 armatis.
1398 2255 1496 2293 Tum

157 2321 264 2359 Rex:
296 2318 511 2357 “Pr-‘edom
545 2318 640 2365 me‚''
677 2318 813 2368 iuquit,
849 2318 1018 2368 “aceipo,
1052 2318 1242 2356 neminem
1274 2331 1405 2356 eorum
1432 2319 1497 2370 qui

159 2388 381 2435 sequuntur,
402 2386 666 2419 recusaturum
688 2381 741 2417 ire
761 2383 838 2431 quii
859 2380 1011 2418 ‹luces.''
1070 2382 1093 2399 ¹¹
1112 2381 1269 2419 Cratero
1299 2381 1429 2432 igitur,
1451 2381 1499 2419 ad

157 2445 368 2483 custodiam
391 2449 603 2482 castrorum
634 2443 779 2491 relicto,
801 2457 884 2481 euni
906 2444 1100 2494 peditibus
1129 2444 1237 2495 queis
1267 2449 1487 2481 assueverat.
