1583 2680
550 186 712 211 mann
748 186 828 210 111.
868 185 979 210 car.
1021 185 1048 210 1.
1447 177 1470 212 7

134 275 341 314 considere.
396 275 591 316 Caeterum
617 277 799 329 quamdiu
825 277 928 314 intra
954 290 1083 315 muros
1098 277 1192 325 fluit,
1211 290 1346 315 nomen
1366 291 1475 316 suum

134 339 286 378 retinet!
340 339 396 377 At
429 341 519 378 cum
549 345 659 379 extra
689 339 923 378 munimenta
951 352 990 377 se
1017 340 1172 388 evolvit,
1200 341 1340 389 majore
1369 341 1407 378 vi
1434 354 1476 378 ac

134 401 234 440 mole
266 406 442 452 agentem
472 403 607 451 undas,
633 403 791 453 Lycum
821 402 1021 452 appellant.
1078 402 1300 440 Alexander
1327 403 1477 454 quidem

136 464 266 503 urbem
285 465 509 503 destitutam
528 479 550 503 a
570 465 649 503 suis
680 465 820 503 intrat:
850 477 974 503 arcem
990 466 1081 503 vero
1108 465 1150 502 in
1176 479 1288 516 quam
1306 466 1477 517 confuge-

134 533 231 576 rant,
251 540 465 580 oppugnare
494 528 665 577 adortus,
696 527 994 566 ’caduceatorem
1021 527 1215 578 praemisit,
1243 528 1307 579 qui
1337 528 1476 566 denun-

135 590 265 639 ciaret,
299 591 352 628 ‘ni
385 590 577 639 dederent,
606 591 710 641 ipsos
739 590 877 629 ultima
908 603 988 628 esse
1019 603 1205 640 passuros.
1269 591 1337 628 Illi
1367 591 1478 629 cadu-

137 657 327 691 ceatorem
355 653 395 690 in
424 653 574 701 turrim,
594 658 633 691 et
662 653 740 691 situ
766 658 805 693 et
833 665 945 703 opere
962 653 1130 690 multum
1149 653 1305 702 editam,
1324 653 1477 704 perduc-

139 720 232 764 tum,
245 721 387 768 quanta
398 721 499 754 esset
507 715 682 765 altitudo,
692 715 832 754 intueri
843 716 991 766 jubent,
1001 729 1044 753 ac
1054 716 1230 754 nunciare
1243 716 1477 764 Alexandro,

135 781 157 800 “
171 791 247 816 non
265 779 399 816 cadem
418 778 543 829 ipsum
570 783 608 817 et
636 779 777 817 incolas
795 779 1046 817 aestimatione
1073 779 1305 817 munimenta
1326 779 1477 817 metiri:

136 854 175 879 se
194 841 289 879 scire
308 841 616 897 ipegpugnabiles
635 854 738 880 esse:
752 841 832 891 fad
850 841 1029 879 ultimum
1057 855 1125 892 pro
1143 842 1215 880 fide
1237 842 1478 880 morituros,”
1525 864 1529 872 r

138 904 346 952 Caeterum,
365 909 409 942 ut
429 904 688 942 circumsideri
707 917 842 953 arcem,
861 909 901 941 et
920 904 1046 942 omnia
1064 905 1138 942 sibi
1155 905 1196 942 in
1215 905 1297 943 dies
1315 905 1479 943 arctiora

135 967 313 1005 viderunt
331 979 432 1016 esse3
463 967 662 1018 sexaginta
690 967 838 1005 dierum
858 967 1044 1004 ‘inducias
1071 967 1184 1017 pacti,
1202 972 1256 1016 ut,
1275 968 1351 1005 nisi
1378 968 1479 1005 intra

134 1043 197 1068 eos
217 1029 400 1068 auxilium
416 1029 557 1067 Darius
584 1030 678 1080 ipsis
696 1030 875 1077 misisset,
897 1029 1077 1067 dederent
1095 1030 1248 1079 urbem;
1278 1036 1479 1082 postquam

133 1092 232 1131 nihil
250 1092 336 1131 inde
353 1092 521 1143 praesidii
538 1092 771 1141 mittebatur,
791 1092 842 1129 ad
868 1093 1126 1142 praestitutam
1145 1092 1245 1131 diem
1272 1094 1478 1144 permisere

136 1169 178 1193 se
198 1155 290 1207 regi.

216 1222 251 1257 2.
280 1217 583 1269 ‘Superveniunt
613 1217 701 1255 inde
733 1217 851 1269 legati
884 1217 1191 1266 Atheniensium,
1224 1223 1408 1269 petentes,
1434 1224 1479 1256 ut

136 1281 237 1332 capti
257 1281 359 1331 apud
378 1280 584 1320 Granicum
596 1292 744 1317 amnem
758 1279 1006 1318 redderentur
1020 1280 1107 1318 sibi.
1154 1279 1242 1329 Ille,
1263 1283 1286 1302 “
1300 1280 1337 1318 N
1343 1294 1389 1319 on
1408 1281 1478 1319 hos

134 1343 257 1392 modo,
283 1342 350 1381 sed
376 1342 494 1381 etiam
511 1347 670 1381 caetcros
698 1341 852 1381 Graecos
870 1342 1023 1380 restitui
1042 1343 1133 1390 suis,
1157 1344 1391 1393 jussurum,⁷⁷
1417 1358 1473 1381 re-

134 1407 299 1456 spondit,
329 1406 470 1444 “finito
499 1405 664 1454 Persico,
688 1405 826 1444 bello.’'
882 1405 1079 1445 Oaeterum
1114 1405 1234 1444 Dario
1264 1407 1476 1454 imminens,

134 1485 246 1524 quem
273 1470 441 1510 nondum
465 1470 700 1521 Euphratem
721 1473 921 1520 superasse
947 1475 1187 1522 cognoverat,
1210 1471 1376 1523 undique
1401 1485 1476 1510 om-

133 1546 202 1572 nes
220 1533 346 1584 copias
360 1533 562 1582 contrahit,
582 1533 674 1571 totis
692 1532 840 1571 viribus
853 1531 950 1571 tanti
964 1532 1060 1572 belli
1071 1533 1274 1572 discrimen
1288 1534 1475 1574 aditurus.

137 1596 312 1647 Phrygia
339 1599 432 1643 erat,
468 1608 536 1645 per
565 1607 678 1646 quam
707 1595 923 1634 ducebatur·
945 1595 1150 1644 exercitus,
1179 1597 1354 1647 pluribus
1382 1597 1476 1635 vicis

134 1671 248 1710 quam
288 1657 448 1696 urbibus
484 1657 671 1708 frequens.
749 1657 855 1694 Tune
891 1656 1055 1696 habebat
1089 1659 1279 1709 quondam
1312 1659 1476 1698 nobilem

138 1721 258 1760 Midae
275 1721 438 1772 regiam;
464 1720 649 1759 Gordium
666 1732 803 1758 nomen
816 1724 875 1758 est
887 1720 985 1769 urbi,
1003 1733 1117 1771 quam
1136 1721 1342 1773 Sangarius
1357 1723 1476 1760 amnis

136 1783 372 1834 praeterfluit,
398 1783 506 1834 ⁸pari
524 1782 726 1821 intervallo
745 1783 905 1821 Pontico
924 1788 962 1821 et
982 1783 1117 1822 Cilicio
1142 1784 1239 1821 mari
1259 1784 1474 1823 distantem.

138 1846 246 1885 Inter
273 1845 354 1885 haec
385 1846 519 1894 maria,
542 1845 854 1898 angustissimum
877 1846 984 1885 Asiae
1008 1847 1172 1897 spatium
1194 1860 1274 1885 esse
1299 1849 1477 1898 comperi-

136 1922 240 1959 mus3
272 1910 284 1930 ⁹
298 1914 458 1960 utroque
486 1909 527 1947 in
551 1914 676 1948 arctas
706 1909 836 1947 fauces
868 1909 1120 1960 compellente
1156 1915 1308 1949 terram.
1382 1911 1476 1957 Quae

135 1973 226 2024 quia
243 1972 451 2010 continenti
470 1971 650 2021 adhaeret,
669 1972 737 2010 sed
754 1975 891 2024 magna
915 1986 962 2010 ex
979 1977 1086 2023 parte
1105 1973 1274 2025 cingitur
1287 1974 1474 2022 fluctibus,

136 2034 302 2085 speciem
332 2034 467 2074 insulae
495 2034 662 2085 praebet;
706 2047 762 2083 ac,
792 2035 868 2072 nisi
899 2040 1013 2074 tenue
1044 2035 1246 2074 discrimen
1281 2036 1474 2087 objiceret,

136 2097 266 2146 muria,
286 2109 372 2148 quae
392 2109 492 2134 nunc
524 2097 678 2145 dividit,
701 2097 727 2118 ¹⁰
737 2098 1000 2137 committeret.
1055 2098 1293 2147 Alexander,
1317 2099 1410 2138 urbe
1437 2100 1475 2136 in

137 2171 243 2197 suam
260 2160 447 2198 ditionem
463 2159 632 2209 redacta,
652 2160 683 2199 ,J
683 2160 766 2199 ovis
785 2161 968 2211 templum
990 2161 1129 2212 intrat;
1158 2162 1374 2201 vehiculum
1400 2176 1474 2213 quo

138 2221 336 2271 Gordium,
356 2223 476 2262 Midae
491 2227 650 2273 patrem,
669 2228 820 2261 vectum
834 2236 916 2261 esse
933 2224 1143 2272 constabat,
1162 2224 1348 2275 adspexit,
1368 2225 1475 2262 cultu

137 2283 239 2322 haud
258 2286 347 2322 sane
366 2298 389 2323 a
403 2285 604 2324 vilioribus
621 2285 861 2337 vulgatisque
885 2299 959 2324 usu
985 2286 1201 2325 abhorrens.
1258 2288 1280 2308 ¹¹
1296 2287 1474 2324 Notabile

137 2351 220 2384 erat
239 2347 373 2398 jugum
391 2347 616 2386 adstrictum
634 2349 890 2399 compluribus
906 2349 1018 2387 nodis
1042 2350 1082 2387 in
1105 2350 1326 2400 semetipsos
1354 2349 1474 2398 impli-

137 2409 231 2446 catis
250 2414 289 2446 et
313 2407 524 2448 celantibus
547 2423 676 2448 nexus.
734 2411 876 2449 Incolis
897 2411 1032 2449 deinde
1054 2411 1338 2458 affirmantibus,
1364 2414 1385 2431 ‘⁴'
1399 2411 1473 2448 edi-

139 2476 215 2508 tam
244 2483 325 2508 esse
357 2471 508 2509 oraculo
539 2477 690 2520 sortem,
725 2473 832 2513 Asiae
860 2474 1080 2523 potiturum,
1112 2473 1177 2524 qui
1208 2472 1470 2523 inexplicabile

112 2583 174 2620 ‘s‘
218 2606 305 2675 -ἱικ
