1583 2680
133 173 205 210 168
591 182 773 214 QUINTI
814 180 998 207 cuna-11

128 278 244 327 quam
263 287 428 326 praesens
447 279 607 324 tempus,
627 273 801 312 ostendet
827 272 987 322 melis1s3
1015 271 1165 323 impone
1191 273 1367 311 felicitati
1388 278 1466 313 tuae

124 340 286 388 fraenos,
315 337 464 376 facilius
484 337 590 374 illam
608 349 725 388 reges.
782 335 919 374 Nostri
947 335 1028 373 sine
1054 336 1213 386 pedibus
1232 337 1363 374 dicunt
1381 350 1465 375 esse

125 402 327 449 fortunam,
347 414 431 451 quae
459 412 593 437 manus
613 404 652 437 et
682 399 818 450 pinnas
845 401 995 436 tantum
1024 398 1148 437 habet.
1206 399 1307 438 Ct‘lm
1333 413 1464 437 manus

123 465 296 516 porrigit,
316 464 451 514 pinnas
477 475 624 514 quoque
642 463 667 480 ²¹
685 461 999 512 comprehendere
1025 475 1100 499 non
1118 461 1222 500 sinit.
1277 462 1462 513 Denique,

122 528 156 565 si
178 527 280 565 Deus
298 540 349 575 es,
368 526 539 564 tribuere
554 525 780 563 mortalibus
793 524 969 563 beneficia
983 524 1109 572 debes,
1124 537 1199 563 non
1217 537 1285 562 sua
1303 525 1459 574 eripere.

121 590 188 628 Sin
208 594 335 627 autem
352 589 463 626 homo
482 600 534 636 eS,
562 588 605 625 id
622 587 723 638 quod
741 599 792 635 οε,
808 599 955 637 semper
969 600 1049 625 esse
1062 591 1101 624 te
1131 587 1264 638 cogita.
1321 588 1346 605 ²²
1359 589 1461 627 Stul-

119 656 201 689 tum
220 656 279 689 est
298 664 428 689 eorum
445 649 661 688 meminisse
679 654 834 700 propter
852 662 938 700 quae
956 653 1016 687 tui
1035 649 1304 688 oblivisceris.''

199 714 388 759 “Quibus
419 713 564 752 bellum
592 725 669 750 non
697 712 885 760 intuleris,
914 712 1024 751 bonis
1053 711 1185 750 amicis
1216 712 1362 762 poteris
1390 713 1460 751 uti.

121 776 221 814 Nam
239 782 278 814 et
296 775 513 813 firmissima
532 779 591 812 est
609 775 708 812 inter
725 787 836 824 pares
854 774 1044 812 amicitia:
1073 779 1112 812 et
1138 774 1316 812 videntur
1338 788 1461 825 pares,

119 840 183 889 qui
202 852 276 876 non
295 839 467 876 fecerunt
484 838 584 875 inter
604 850 643 875 se
660 837 872 888 periculum
883 837 1032 876 virium.
1090 836 1194 882 Quos
1208 837 1355 886 viceris,
1371 837 1461 875 ami-

121 915 183 939 cos
213 902 284 940 tibi
315 914 395 939 esse
424 914 515 939 cave
547 901 689 939 credas.
745 900 853 938 Inter
884 900 1077 938 dominum
1111 905 1149 938 et
1181 913 1330 939 servum
1356 900 1463 938 nulla

122 964 290 1002 amicitia
305 969 389 1002 est:
419 964 535 1002 etiam
561 963 602 1001 in
628 976 729 1014 paee,
747 963 842 1002 belli
859 967 987 1001 tamen
1011 965 1101 1013 jura
1127 968 1335 1002 servantur.
1391 963 1462 1002 Ju-

122 1028 238 1065 rando
266 1027 432 1079 gratiam
460 1026 620 1077 Scythas
647 1027 793 1065 sancire
819 1040 866 1065 ne
893 1026 1124 1065 credideris:
1157 1026 1312 1064 colendo
1338 1026 1460 1075 fidem,

128 1092 269 1140 jurant.
326 1089 547 1128 Graecorum
565 1090 640 1127 ista
657 1090 682 1107 ²³
694 1090 818 1128 cautio
838 1094 908 1138 est,
928 1089 1018 1140 quia
1035 1094 1147 1139 pacta
1172 1089 1403 1140 consignant,
1423 1094 1462 1126 et

120 1153 221 1191 Deos
250 1154 450 1191 invocant:
486 1153 512 1170 ²⁴
523 1165 592 1190 nos
622 1152 848 1203 religionem
867 1152 907 1189 in
936 1152 1019 1202 ipsa
1048 1151 1119 1189 fide
1147 1151 1328 1190 novimus.
1386 1151 1462 1197 Qui

119 1229 194 1254 non
222 1220 445 1254 reverentur
471 1214 653 1264 homines,
672 1215 814 1253 fallunt
840 1214 954 1252 Deos.
1012 1213 1094 1252 Nec
1119 1213 1194 1252 tibi
1221 1214 1341 1252 amico
1368 1227 1462 1265 opus

119 1283 186 1326 est,
206 1278 252 1316 de
279 1280 388 1328 eujus
415 1277 677 1317 benevolentia
705 1277 864 1315 dubites.
922 1276 1117 1316 Caeterum
1143 1289 1213 1315 nos
1241 1282 1281 1314 et
1299 1277 1406 1316 Asiae
1424 1282 1463 1315 et

121 1342 287 1392 Europae
306 1341 482 1379 custodes
498 1340 667 1379 habebis.
723 1339 914 1388 2⁵Baetra,
933 1339 1008 1377 nisi
1038 1339 1186 1378 dividat
1207 1340 1361 1388 Tanais,
1380 1353 1462 1379 con·

121 1404 312 1455 tingimus.
368 1404 484 1443 Ultra
503 1403 678 1451 Tanaim,
693 1416 813 1454 usque
827 1403 876 1441 ad
892 1403 1106 1451 Thraciam,
1121 1403 1288 1442 colimus,
1345 1403 1462 1442 Thra-

121 1468 190 1506 eiae
210 1467 470 1505 Macedoniam
488 1468 726 1516 conjunctam
746 1479 826 1504 esse
853 1466 957 1503 fama
985 1471 1054 1505 est.
1111 1466 1278 1517 Utrique
1304 1466 1464 1517 imperio

121 1536 186 1568 tuo
219 1530 412 1578 finitimos²
427 1529 556 1567 hostes
586 1541 635 1566 an
664 1528 804 1566 amieos
833 1528 929 1567 velis
961 1541 1054 1577 esse,
1079 1528 1314 1567 considera.’‘
1369 1529 1464 1568 Haee

123 1593 327 1632 Barbarus.

204 1655 278 1693 IX.
310 1657 369 1693 34.
401 1654 548 1693 Contra
585 1654 674 1693 Rex
700 1654 855 1692 fortuna
893 1657 964 1693 suti
1001 1659 1039 1692 et
1066 1654 1234 1693 consiliis
1261 1667 1391 1694 eorum
1426 1667 1466 1694 se
1516 1706 1521 1708 .

123 1732 279 1757 usurum
297 1731 378 1756 esse
397 1716 608 1768 respondet,
627 1717 847 1768 dimisisque
874 1717 1026 1769 legatis,
1046 1717 1087 1755 in
1113 1723 1346 1768 prat-paratas
1363 1723 1466 1757 rates

123 1782 332 1820 exercitum
358 1781 548 1831 imposuit.
604 1780 655 1818 In
681 1781 805 1830 proris
833 1780 1026 1831 elypeatos
1054 1780 1258 1829 locaverat,
1275 1782 1401 1830 jussos
1428 1781 1466 1819 in

124 1858 247 1896 genua
264 1844 472 1892 subsidere,
487 1845 561 1895 quo
580 1843 742 1881 tutiores
762 1848 886 1881 essent
905 1843 1087 1882 adversus
1106 1843 1205 1881 ictus
1226 1843 1463 1895 sagittarum.

126 1910 221 1946 Post
253 1907 334 1956 hos,
357 1907 424 1958 qui
455 1911 644 1944 tormenta
671 1905 926 1953 intenderent,
957 1906 1123 1950 stabant,
1154 1911 1194 1943 et
1225 1905 1273 1944 ab
1305 1911 1467 1958 utroque

125 1971 254 2019 latere,
274 1976 313 2008 et
341 1984 363 2008 a
379 1970 503 2008 fronte
531 1968 753 2007 circumdati
773 1969 942 2006 armatis.
1001 1968 1169 2020 Reliqui,
1188 1968 1255 2019 qui
1281 1974 1366 2019 post
1393 1975 1466 2008 tor-

126 2039 252 2071 menta
270 2033 528 2081 constiterant,
545 2032 727 2084 remigem
745 2031 902 2069 loricam
917 2031 1094 2069 indutum
1112 2037 1305 2070 scutorum
1319 2032 1465 2070 testitu-

127 2096 215 2133 dine
235 2096 372 2133 armati
399 2095 659 2147 protegebant.
716 2094 827 2132 Idem
855 2094 948 2132 ordo
975 2094 1015 2132 in
1041 2093 1118 2132 illis
1145 2107 1292 2146 quoque
1319 2095 1468 2134 ratibus

127 2173 211 2210 quoe
231 2159 395 2209 equitem
410 2158 606 2206 vehebant,
626 2162 796 2195 servatus
816 2163 875 2195 est
892 2171 899 2195 :
928 2159 1051 2207 major
1065 2171 1152 2208 pars
1173 2159 1182 2176 ¹
1196 2171 1219 2195 a
1236 2171 1361 2209 puppe
1378 2171 1466 2196 nan-

130 2227 185 2259 tes
205 2234 320 2272 equos
340 2221 430 2258 loris
445 2221 628 2258 trahebat„
686 2221 742 2258 At
761 2220 857 2267 illos,
873 2234 966 2271 quos
986 2226 1092 2259 utres
1107 2227 1315 2259 stramento
1332 2221 1467 2271 repleti

132 2285 329 2331 vehebant,
357 2285 541 2333 ”objectae
569 2289 668 2321 rates
698 2283 910 2322 tuebantur.
967 2285 1058 2335 Ipse
1085 2285 1173 2323 Rex
1200 2297 1282 2322 cum
1310 2284 1466 2322 delectis

131 2349 271 2399 primns
301 2353 422 2385 ratem
456 2347 582 2394 solvit,
603 2352 641 2384 et
671 2347 709 2383 in
740 2347 859 2396 ripam
890 2347 1003 2399 dirigi
1029 2348 1155 2398 jussit„
1213 2347 1286 2386 Cui
1311 2346 1466 2398 Scytha,

130 2412 300 2450 admotos
319 2410 470 2449 ordines
498 2410 666 2461 equiturn
687 2410 724 2447 in
752 2410 872 2460 primo
891 2411 984 2461 ripa>
1010 2411 1179 2462 margine
1199 2415 1402 2461 opponunt,
1423 2414 1467 2447 ut

130 2488 176 2514 ne
207 2474 391 2526 applicari
429 2473 581 2526 quidem
611 2479 723 2512 terra:
755 2479 856 2511 rates
887 2480 1049 2524 possent.
1107 2474 1302 2513 Caetcram
1331 2477 1468 2524 proeter
