1583 2680
665 195 826 222 mnan
863 196 917 221 11.
1430 186 1452 221 5

115 294 307 334 tex-gressus,
330 289 385 322 cui
399 287 540 332 ignovit,
557 288 601 321 ad
623 287 805 321 Granicum
820 297 951 320 amnem
972 286 1076 326 venit,
1092 286 1128 319 in
1151 287 1245 331 cujus
1263 287 1367 320 alteri
1382 286 1454 330 ripa

115 344 244 377 hostilis
268 343 432 377 exercitus
455 344 577 383 stabat,
593 342 772 376 transitum
794 341 1035 386 prohibiturus.
1080 341 1272 374 Alexander
1294 341 1456 373 instructa

115 398 187 432 acie
202 398 374 444 ingressus
392 399 527 438 flumen,
542 408 663 440 magno
686 397 763 430 nisu
777 396 813 429 in
833 395 986 429 altiorem
1007 395 1117 439 ripam
1140 395 1257 434 evasit,
1273 396 1455 438 Persasque

114 453 250 486 tandem
265 465 332 485 non
347 453 417 486 sine
432 464 492 486 suo
511 452 671 496 periculo,
688 463 730 485 ex
744 462 811 496 quo
826 451 932 485 Clitus
953 454 1157 489 servaverat,
1173 449 1209 482 in
1223 451 1336 492 fugam
1351 449 1456 492 conje-

114 506 172 547 cit,
184 506 420 539 circumventis
436 506 538 539 etiam
551 505 775 545 mercenariis,
788 504 858 549 qui,
870 504 969 548 globo
984 504 1083 543 facto,
1096 503 1278 537 diutissime
1294 513 1456 546 repugna-

113 564 242 593 verant.
287 561 517 593 Barbarorum
531 560 725 593 ceciderunt
739 558 862 602 viginti
877 562 912 592 et
927 559 993 591 duo
1007 557 1129 591 millia:
1153 558 1372 591 Macedonum
1386 561 1457 589 tan-

113 614 284 647 tummodo
306 613 417 647 xxxiv.
434 618 474 646 ut
488 614 688 647 Plutarchus
710 625 751 646 cx
764 612 958 646 Aristobulo
982 611 1133 645 tradidit.
1177 612 1270 654 Fuga
1293 610 1405 654 elapsi,
1421 610 1456 642 in

113 668 237 712 quibus
253 671 287 700 et
301 669 458 700 Memnon
474 671 556 707 erat,
572 667 726 700 Miletum
742 670 974 710 perrexerunt,
990 669 1025 699 et
1033 665 1314 699 Halicarnassum.
1361 664 1457 703 Quod

113 721 335 754 humanitatis
358 721 507 754 officium
529 725 590 761 est,
608 721 798 754 Alexander
811 720 878 754 illis
901 719 1068 764 praestitit,
1084 719 1145 764 qui
1166 719 1281 764 praelio
1296 719 1458 751 occubue-

113 779 199 809 rant.
245 772 316 808 11<ss
332 775 420 808 enim
435 776 480 808 ad
495 779 690 808 eaeterorum
705 775 892 819 exemplum
913 774 1061 818 impense
1075 774 1230 807 humatos
1248 772 1458 817 equestribus

113 829 234 862 statuis
248 829 367 862 donari
376 829 487 873 jussit,
503 829 721 873 cognatisque
737 839 852 862 eorum
873 828 1119 862 immunitatem
1133 827 1236 861 dedit.
1280 828 1331 861 Ex
1345 826 1458 870 spoliis

113 894 180 916 ccc.
198 884 333 927 clypeos
347 884 498 930 Athenas
519 883 611 916 misit
633 883 670 915 in
692 882 854 916 Minervae
875 883 1001 926 templo
1016 893 1093 915 cum
1110 881 1301 915 civilissima
1321 880 1458 923 inscrip-

113 937 205 970 tione
221 938 409 980 affigendos.
455 939 565 970 Tanta
578 937 728 970 vietoriae
744 937 787 970 ad
799 936 982 970 Granicum
995 937 1085 969 fama
1096 940 1178 976 erat,
1190 939 1230 968 ut
1243 935 1356 979 plures
1370 934 1457 967 Asiae

113 992 215 1024 urbes
229 1003 264 1024 se
278 991 471 1024 Alexandro
487 991 658 1031 dederent,
673 991 795 1024 Sardes
813 991 976 1035 inprimis,
993 1002 1032 1024 ac
1045 991 1212 1035 Ephesus:
1236 989 1371 1023 Miletus
1384 989 1456 1021 brer

113 1045 207 1078 viore
230 1044 415 1084 obsidione,
440 1047 477 1077 at
499 1045 757 1077 Halicarnassus
779 1044 1018 1088 operosissima,
1043 1048 1235 1088 expugnata
1257 1043 1330 1076 fuit.
1375 1043 1459 1075 Adae

112 1098 236 1132 illustri
249 1097 391 1132 foeminae
407 1109 548 1140 regnum
564 1098 669 1132 Cariae
690 1098 870 1138 redditum,
887 1110 908 1131 a
922 1109 989 1142 quo
1005 1099 1143 1142 expulsa
1156 1099 1267 1131 fuerat
1280 1108 1343 1141 per
1357 1097 1457 1129 Pexo·

115 1154 244 1186 darum.
291 1154 374 1187 cum
388 1151 534 1195 gratiam
556 1152 707 1185 relatura
727 1151 848 1185 mulier
862 1151 955 1184 mirae
977 1151 1060 1185 artis
1075 1155 1110 1184 et
1124 1150 1252 1195 saporis
1275 1150 1367 1184 cibos
1381 1161 1458 1182 cum

113 1206 229 1251 coquis
238 1210 273 1240 et
282 1205 473 1250 cupedariis
486 1207 632 1246 offerret,
645 1217 687 1238 ex
699 1205 893 1238 Alexandro
905 1205 1036 1245 didicit,
1052 1209 1072 1223 ‘⁴
1083 1204 1225 1249 optimos
1240 1215 1363 1248 coquos
1379 1214 1457 1241 esse,

114 1261 160 1294 ad
188 1260 381 1305 prandium,
409 1260 560 1293 laborem
589 1259 836 1299 antelucanum,
861 1259 906 1293 ad
934 1270 1073 1299 coenam,
1097 1259 1227 1302 frugale
1250 1257 1458 1302 prandium.’'

115 1316 259 1349 Cia-sem
273 1315 337 1348 hoc
356 1319 507 1358 tempore
521 1313 714 1347 Alexander
728 1313 864 1353 dimisit,
879 1316 920 1346 ut
942 1323 1227 1357 supervacaneam
1251 1312 1296 1345 ad
1317 1323 1397 1345 usus
1411 1312 1458 1343 su-

115 1374 218 1409 turos,
233 1380 295 1402 nec
317 1368 368 1402 ita
388 1368 597 1408 instructam,
611 1371 652 1400 ut
665 1369 844 1401 Persarum
865 1366 1042 1400 classiariis
1064 1366 1190 1410 opponi
1210 1370 1331 1410 posset.
1377 1367 1458 1399 Cum

115 1434 174 1456 rex
198 1422 338 1466 Lyciam
360 1421 530 1461 transiret,
545 1421 679 1465 oppidis
701 1421 739 1454 in
765 1420 970 1454 deditionem
995 1420 1152 1465 acceptis,
1179 1419 1309 1464 captivi
1333 1419 1458 1452 indicio

114 1476 283 1520 cognovit,
299 1476 344 1509 ab
357 1475 550 1509 Alexandro
565 1476 742 1519 Lyncest&
757 1485 880 1517 genero
894 1473 1079 1518 Antipatri,
1094 1473 1234 1507 insidias
1254 1472 1320 1506 sibi
1334 1472 1457 1517 parari,

115 1541 216 1575 quem
229 1529 358 1564 veritus
372 1529 572 1569 interficere,
583 1528 704 1573 nequis
718 1533 827 1561 motus
840 1528 877 1561 in
891 1528 1086 1562 Macedonia
1100 1527 1254 1567 oriretur,
1265 1527 1302 1560 in
1316 1526 1459 1559 vinculis

116 1584 284 1617 diuturnis
307 1582 439 1616 habuit.
485 1582 662 1616 Phaselide
686 1581 724 1615 in
748 1582 850 1615 fidem
874 1585 1022 1626 accepta,
1045 1593 1108 1626 per
1131 1581 1288 1621 Climaca,
1311 1581 1375 1614 hoe
1398 1585 1458 1619 est,

116 1637 286 1681 angustias
307 1637 397 1670 inter
417 1640 545 1668 montes
568 1639 603 1669 et
623 1646 716 1668 mare
738 1635 983 1679 Pamphylium,
999 1646 1085 1678 segre
1101 1635 1283 1668 exereitum
1304 1635 1458 1678 hyberno

115 1696 265 1735 tempore
286 1689 488 1728 transduxit,
504 1693 539 1722 et
552 1688 732 1732 Aspendiis
752 1692 829 1732 post
850 1688 1068 1722 defectionem
1089 1687 1243 1732 receptis,
1258 1688 1458 1724 Telmessum

116 1749 368 1789 praetergressus
381 1743 510 1777 Pisidas
525 1743 570 1776 ad
583 1743 793 1785 Sagalassum
806 1742 904 1785 gravi
925 1741 1040 1786 praelio
1054 1741 1236 1785 superavit.
1281 1742 1375 1774 Inter
1388 1742 1459 1774 haec

115 1800 280 1838 Memnon,
294 1797 376 1831 locis
399 1797 601 1841 quibusdam
614 1796 651 1828 in
664 1794 766 1829 maris
789 1798 847 1828 ora
868 1794 1075 1839 recuperatis
1091 1799 1125 1828 et
1140 1794 1224 1829 Chio
1245 1794 1362 1834 insula,
1379 1795 1459 1828 dum

116 1852 301 1896 Mitylenen
316 1851 457 1891 obsidet,
472 1851 588 1883 morbo
603 1854 778 1894 correptus
800 1851 977 1883 Persarum
991 1860 1084 1893 spem
1098 1847 1277 1882 maximam
1290 1853 1395 1882 morte
1411 1849 1459 1881 in·

116 1905 316 1951 tempestiva
331 1904 487 1939 deseruit.
532 1906 620 1937 Nam
633 1905 697 1937 hoc
713 1904 798 1938 duce
812 1904 937 1938 bellum
952 1903 1076 1937 Darius
1091 1915 1132 1937 ex
1145 1902 1225 1937 Asia
1239 1903 1275 1936 in
1289 1905 1456 1948 Europam

118 1959 288 1994 vasseni
304 1970 399 2004 posse
414 1958 636 2004 speraverat]
