1583 2680
465 131 733 157 L113E111V.
774 132 884 156 car.
925 132 992 156 ιν.
1348 122 1394 157 43

60 220 227 262 ”corvos
247 227 287 260 ct
305 222 450 261 ferreas
468 236 602 261 manus
625 223 878 274 illigaverant,
895 227 951 273 ut,
971 224 1059 261 cum
1088 227 1278 261 tormento
1299 237 1397 261 asse-

59 298 121 323 res
156 286 446 337 promovissent,
484 287 612 325 subito
649 286 790 324 laxatis
827 286 995 335 funibus,
1029 286 1240 336 injicerent.
1297 286 1398 325 Unci

59 361 208 400 quoque
228 354 267 387 et
285 349 402 386 falces
421 363 469 387 ex
488 349 626 387 iisdem
646 349 838 388 asseribus
863 349 1132 400 dependentes,
1153 353 1219 386 aut
1238 362 1397 399 propug-

59 416 223 459 natores,
257 416 325 449 aut
357 412 440 462 ipsa
471 412 624 463 navigia
660 411 890 450 lacerabant.
951 411 1116 462 Clypeos
1149 412 1240 449 vero
1273 425 1398 449 aeneos

58 473 180 512 multo
199 474 286 525 igne
306 474 515 522 torrebant,
535 487 642 525 quos,
658 474 824 525 repletos
843 474 995 513 fervida
1008 477 1122 512 arena
1137 487 1316 524 coenoque
1339 474 1397 511 de-

59 541 178 585 cocto,
194 550 214 574 e
233 537 354 574 muris
374 536 503 575 subito
523 536 795 586 devolvebant3
824 549 894 575 nec
912 536 994 574 ulla.
1011 537 1132 587 pestis
1150 537 1272 587 magis
1292 537 1399 573 time-

58 599 181 637 batur.
240 598 390 650 Quippe
409 599 477 637 ubi
506 599 663 637 loricam
692 599 717 617 ³⁷
729 612 944 651 corpusque
973 600 1125 638 fervens
1145 612 1260 637 arena
1290 613 1398 649 pene—

59 666 236 711 traverat,
269 675 338 700 nec
370 661 454 700 ulla
485 662 526 701 vi
559 663 689 700 excuti
720 666 884 712 poterat,
914 667 953 700 et
981 663 1170 714 quidquid
1205 663 1398 712 attigerat,

57 725 280 774 perurebat3
307 725 571 776 jacientesque
591 738 707 773 arma,
728 725 905 763 laceratis
926 725 1102 764 omnibus
1121 726 1230 777 queis
1249 725 1396 776 protegi

58 793 247 837 poterant,
274 787 499 826 vulneribus
518 785 645 825 'inulti
673 788 866 838 patebant.
926 788 1043 827 Corvi
1072 790 1175 837 vero,
1198 795 1237 826 et
1266 789 1399 826 ferrem

58 863 190 887 manus
209 850 410 888 tormentis
429 850 589 898 emissae,
609 850 810 901 plerosque
829 851 1038 901 rapiebant.

137 912 210 950 IV.
246 914 302 951 16.
333 913 343 930 ¹
363 912 442 950 Hic
474 912 562 950 Rex
579 912 762 963 fatigatus
781 917 978 962 statuerat,
1010 912 1162 951 'soluta
1191 913 1398 961 obsidione,

60 975 276 1027 iEgyptum
304 979 460 1025 petere:
488 975 628 1025 quippe
648 976 738 1012 eum
765 975 902 1013 Asiam
931 975 1078 1027 ingenti
1095 976 1299 1014 velocitate
1318 989 1399 1027 per-

57 1038 251 1086 currisset,
285 1037 386 1075 cirea.
415 1049 542 1074 muros
574 1037 685 1074 unius
713 1037 821 1075 urbis
849 1037 1027 1086 haerebat,
1060 1043 1118 1076 tot
1147 1039 1399 1076 maximarum

56 1113 180 1138 rerum
208 1099 490 1150 opportunitate
523 1098 690 1138 dimissa.
748 1098 942 1138 Caeteram
969 1104 1048 1137 tam
1082 1101 1273 1139 discedere
1292 1101 1398 1139 ‘'irri-

56 1169 148 1212 tum,
167 1165 282 1215 quam
309 1162 450 1201 morari
476 1161 665 1213 pudebat;
703 1162 845 1200 famam
863 1175 1020 1214 quoque,
1040 1166 1117 1215 qua
1146 1163 1258 1214 plura
1283 1167 1398 1216 quam

56 1226 172 1264 armis
205 1230 407 1274 everterat,
437 1230 545 1264 ratus
573 1225 755 1264 leviorem
783 1225 876 1274 fore,
897 1225 931 1263 si
960 1225 1114 1276 Tyrum,
1132 1227 1241 1278 quasi
1262 1232 1399 1266 testem

31 1303 96 1343 *se
126 1301 238 1340 posse
255 1288 368 1337 vinci,
387 1280 612 1340 reliquisset.
668 1287 798 1340 Igitur
825 1301 872 1326 ne
903 1289 997 1340 quid
1029 1289 1268 1340 inexpertum
1293 1291 1399 1328 omit-

55 1357 166 1402 teret,
195 1352 324 1403 plures
348 1364 462 1390 naves
491 1351 686 1389 admoveri
711 1351 833 1401 jubet,
865 1351 1104 1403 delectosque
1135 1353 1302 1391 militum
1332 1354 1398 1391 im-

55 1416 154 1467 poni.
211 1415 265 1454 Et
299 1415 399 1453 forte
435 1414 582 1454 ⁴bcllua
618 1414 810 1453 inusitatae
840 1415 1114 1466 magnitudinis
1149 1429 1261 1467 super
1297 1417 1399 1468 ipsos

54 1480 189 1518 fluetus
221 1479 333 1517 dorso
351 1477 532 1527 eminens,
563 1478 612 1516 ad
642 1477 791 1527 molem,
811 1491 926 1529 quam
959 1478 1187 1518 Macedones
1213 1481 1397 1530 jecerant,

57 1541 189 1592 ingens
224 1553 359 1591 corpus
396 1539 605 1590 applieuit;
650 1539 974 1590 diverberatisque
1008 1541 1186 1579 fluetibus
1232 1542 1398 1581 allevans

57 1608 189 1651 semet,
207 1602 384 1653 utrinque
414 1606 613 1652 conspecta
633 1605 702 1639 cst.
762 1601 911 1639 Deinde
929 1614 955 1639 a.
973 1602 1096 1652 eapite
1122 1603 1247 1652 molis,
1266 1608 1397 1643 rurst

56 1666 134 1703 alto
167 1677 208 1703 se
239 1663 447 1702 immersit:
476 1676 519 1701 ae
550 1663 661 1701 modo
695 1676 808 1714 super
838 1663 960 1701 undas
987 1664 1155 1702 eminens
1182 1671 1319 1718 magna
1339 1669 1398 1706 sui

54 1732 174 1779 parte,
203 1726 317 1765 modo
346 1725 557 1776 superfusis
585 1725 762 1764 fluctibus
791 1726 956 1775 condita,
988 1726 1092 1764 haud
1121 1728 1252 1778 procul
1281 1731 1398 1768 muni·

54 1790 191 1828 mentis
221 1789 327 1829 urbis
359 1789 547 1827 ‘'emersit.
604 1788 787 1840 Utrisque
813 1789 925 1827 laetus
952 1789 1028 1827 fuit
1054 1790 1192 1829 belluae
1211 1797 1395 1842 aspectus.

55 1853 283 1892 Macedones
314 1852 388 1891 iter
413 1851 589 1902 jaciendo
607 1852 712 1902 operi
733 1855 969 1890 monstrasse
988 1865 1072 1891 eam
1090 1854 1394 1906 augurabantur;

57 1915 177 1967 Tyrii,
199 1915 421 1966 Neptunum
439 1914 612 1965 occupati
641 1914 757 1953 maris
774 1915 964 1954 vindicem
990 1915 1202 1967 abripuisse
1220 1917 1396 1966 belluam,

55 1991 99 2017 ac
134 1978 274 2017 molem
303 1977 412 2016 brevi
443 1977 613 2028 profecto
650 1977 862 2016 ruituram:
902 1978 1057 2030 laetique
1094 1979 1218 2018 omine
1254 1993 1310 2030 eo,
1347 1982 1397 2019 ad

56 2040 187 2092 epulas
222 2040 399 2091 ‘dilapsi,
437 2042 639 2078 oneravere
674 2053 715 2078 se
749 2041 862 2080 vino:
904 2054 979 2093 quo
1014 2055 1160 2093 graves,
1198 2047 1281 2081 orto
1317 2045 1396 2082 sole

55 2102 209 2154 navigia
236 2101 504 2151 conscendunt,
532 2101 711 2141 redimita
736 2103 883 2141 coronis
909 2103 1161 2156 floribusque:
1200 2105 1294 2144 adeo
1321 2106 1396 2144 vie-

55 2161 166 2203 toriae
183 2177 259 2202 non
277 2176 387 2203 omen
403 2163 530 2212 modo,
551 2164 618 2203 sed
635 2165 753 2203 etiam
771 2166 1067 2217 gratulationem
1086 2174 1350 2219 praeeeperant.

142 2229 198 2266 17.
226 2226 346 2264 Forte
372 2225 460 2264 Rex
476 2226 634 2265 classem
664 2227 704 2265 in
735 2227 925 2266 diversam
955 2234 1104 2279 partem
1131 2230 1194 2281 agi
1217 2231 1394 2280 jusserat,

58 2289 218 2341 triginta
244 2288 455 2336 minoribus
483 2290 646 2342 navigiis
675 2290 822 2328 relictis
841 2291 881 2328 in
908 2291 1061 2342 littore;
1092 2305 1112 2330 e
1130 2292 1267 2343 quibus
1288 2293 1396 2342 Tyrii

57 2352 203 2391 duobus
222 2351 354 2402 captis,
374 2356 512 2390 caetera
538 2353 680 2404 ingenti
708 2357 923 2391 terruerant
940 2359 1066 2404 metu3
1097 2355 1224 2402 donee,
1245 2367 1396 2392 suorum

57 2415 218 2453 elamore
251 2413 393 2462 audito,
426 2414 646 2453 Alexander
684 2415 844 2454 classem
880 2416 1016 2465 littori,
1054 2430 1074 2454 c
1111 2430 1183 2468 quo
1220 2415 1396 2454 fremitus

705 2474 728 2510 3
