1583 2680
114 149 192 185 :256
571 158 754 190 QUINTI
792 157 996 183 cURT11.

112 252 214 291 bant.
281 251 443 290 Assueti
472 251 540 290 sub
573 250 678 303 Rege
710 250 848 300 vivere,
884 263 960 289 non
996 249 1125 298 alium,
1161 249 1228 301 qui
1263 249 1466 299 imperaret

113 315 220 366 ipsis,
241 315 454 367 digniorem
472 315 592 353 fuisse
620 315 903 354 confitebantur.
961 313 1043 351 Nec
1069 313 1190 351 muris
1208 313 1314 352 urbis
1341 312 1466 350 luctus

116 379 390 427 continebatur,
411 378 479 417 sed
509 377 719 428 proximam
747 378 940 429 regionem
969 377 1017 415 ab
1044 379 1100 426 ea,
1121 376 1260 414 deinde
1289 388 1465 427 magnam

113 447 260 493 partem
279 441 388 480 Asiae
408 441 463 479 eis
483 441 719 492 Euphratem
747 440 847 478 tanti
875 440 968 478 mali
995 440 1098 478 fama
1115 444 1343 491 pervaserat.
1400 437 1467 476 Ad

114 505 224 544 Darii
254 508 407 556 quoque
437 509 600 543 matrem
637 504 810 542 celeriter
841 504 990 555 perlata
1027 508 1094 542 est.
1164 503 1348 542 Abscissa
1377 510 1466 554 erg'o

114 574 230 618 veste,
249 571 324 620 qua
355 569 490 606 induta
520 572 615 617 erat,
637 568 839 619 lugubrem
869 568 1057 618 sumpsit:
1086 567 1338 618 laceratisque
1357 566 1466 604 erini-

114 633 196 681 bus,
215 632 322 670 humi
354 644 488 682 eorpus
518 631 668 681 abjecit.
725 630 935 669 Assidebat
962 630 998 668 ei
1029 632 1053 648 ¹⁰
1069 630 1190 668 altera
1209 643 1257 668 ex
1274 630 1465 680 neptibus,

114 709 232 746 nuper
252 696 433 733 amissum
451 694 776 744 Hephaestionem,
797 694 858 731 cui
876 697 1071 743 nupserat,
1090 694 1226 744 lugens
1242 707 1251 743 3
1281 693 1466 744 proprias—

114 773 187 811 que
217 772 350 797 causas
381 758 526 796 doloris
555 758 595 795 in
624 758 813 795 communi
841 757 1027 795 moestitia
1049 757 1334 796 ¹¹retraetabat.
1392 756 1469 795 Sed

116 823 284 861 omnium
313 835 467 860 suorum
498 821 599 859 mala
631 821 866 873 SysigambIS
895 834 973 859 una
1002 821 1184 871 capiebat.
1240 820 1319 859 Illa
1347 833 1466 868 suam,

115 886 183 924 illa
200 885 371 935 neptium
388 885 511 923 vicem
529 884 655 924 flebat.
710 885 858 923 Recens
878 884 985 923 dolor
1005 884 1122 922 etiam
1139 884 1337 935 praeterita
1363 896 1468 922 revo-

115 954 276 988 caverat.
333 947 519 988 Crederes
536 948 649 986 modo
669 948 852 986 amissum
867 948 1041 996 Darium,
1063 948 1089 966 ³²
1105 952 1143 985 et
1161 947 1304 998 pariter
1321 947 1470 986 miserae

116 1013 276 1050 duorum
311 1012 474 1050 filiorum
512 1011 689 1063 exequias
726 1025 808 1050 esse
845 1011 1047 1049 ducendas.
1122 1010 1263 1050 Flebat
1297 1015 1468 1049 mortuos

116 1076 229 1115 simul
246 1076 438 1127 vivosque.
498 1075 618 1121 Quem
638 1075 737 1113 enim
765 1075 978 1126 puellarum
1008 1079 1181 1113 acturum
1207 1087 1290 1112 esse
1309 1074 1469 1112 euram?

118 1139 240 1185 Quem
259 1140 378 1178 alium
407 1140 584 1177 futurum
613 1139 911 1177 Alexandrum?
965 1138 1115 1177 Iterum
1144 1150 1224 1176 esse
1253 1150 1292 1176 se
1313 1142 1465 1188 captas3

116 1204 256 1242 iterum
292 1203 477 1242 excidisse
512 1216 639 1254 regno.
713 1201 790 1248 Qui
824 1207 973 1241 mortuo
1005 1202 1123 1240 Dario
1156 1201 1257 1252 ipsas
1286 1206 1468 1250 tueretur,

117 1267 326 1317 reperisse:
372 1266 437 1317 qui
469 1270 555 1316 post
588 1266 852 1303 Alexandrum
881 1265 1096 1316 respiceret,
1134 1265 1266 1316 utique
1301 1277 1377 1303 non
1412 1278 1468 1303 re-

116 1334 300 1380 perturaS.
359 1329 523 1367 Subibat
554 1328 655 1366 inter
684 1328 765 1366 haee
796 1328 973 1376 animum,
994 1328 1188 1379 octoginta
1214 1328 1353 1366 fratres
1381 1341 1468 1366 suos

118 1393 250 1431 eodem
269 1392 330 1430 die
350 1392 398 1430 ab
421 1392 529 1432 Ocho
548 1391 756 1430 saevissimo
786 1391 938 1443 Regum
957 1392 1180 1440 trucidatos,
1202 1391 1469 1443 adjectumque

117 1457 238 1508 stragi
256 1461 314 1494 tot
343 1456 508 1494 filiorum
536 1460 695 1506 patrem.
754 1455 788 1493 E
819 1460 964 1505 septem
991 1455 1137 1504 liberis,
1156 1468 1249 1507 quos
1276 1455 1469 1507 genuisset

118 1521 212 1570 ipsa,
248 1520 400 1557 ¹³unum
434 1531 656 1569 superesse:
699 1519 825 1568 ipsum
857 1518 1020 1556 Darium
1055 1518 1226 1556 floruisse
1262 1518 1469 1570 paulisper,

117 1589 161 1621 ut
179 1583 375 1621 crudelius
407 1586 536 1633 posset
555 1581 742 1633 extingui.
799 1581 864 1620 Ad
893 1581 1073 1620 ultimum
1103 1581 1224 1620 dolori
1258 1582 1469 1631 succubuit,

118 1647 372 1698 obvolutoque
393 1646 516 1696 capite
545 1645 755 1683 assidentes
773 1645 933 1696 genibus
954 1645 1033 1683 suis
1052 1650 1204 1696 neptem
1222 1651 1471 1697 nepotemque

119 1715 304 1759 aversata,
337 1709 421 1749 cibo
453 1708 601 1760 pariter
633 1709 822 1747 abstinuit
854 1714 893 1747 ct
925 1709 1018 1747 luce.
1078 1707 1236 1758 Quinto,
1270 1714 1470 1760 postquam

119 1775 214 1812 mori
243 1778 440 1822 statuerat,
475 1773 537 1811 die
568 1772 734 1810 extincta
766 1777 834 1810 est.
895 1772 1117 1824 ¹¹Magnum
1147 1773 1316 1823 profecto
1352 1773 1470 1810 Alex·

120 1838 227 1875 andri
249 1837 501 1888 indulgentiae
520 1836 559 1873 in
579 1849 673 1884 eam,
704 1835 938 1886 justitiaequc
967 1835 1007 1872 in
1027 1848 1154 1873 omnes
1173 1836 1340 1886 captivos
1360 1835 1469 1874 docu-

120 1907 288 1939 mentum
318 1906 378 1938 est
406 1913 508 1938 mors
538 1899 676 1950 hujus:
705 1912 792 1950 quae
820 1901 904 1936 cum
933 1899 1178 1936 sustinuisset
1205 1903 1289 1949 post
1309 1898 1468 1937 Darium

121 1966 258 2013 vixere,
280 1964 504 2002 Alexandro
525 1976 606 2001 esse
626 1966 816 2013 superstes
836 1961 999 2000 erubuit.

205 2031 261 2066 15.
294 2028 350 2065 Et
376 2027 532 2065 hercule
554 2027 692 2077 ¹⁶juste
721 2024 1002 2064 aestimantibus
1032 2024 1178 2075 Regem
1208 2024 1340 2076 liquet,
1370 2025 1469 2064 bona

120 2097 268 2129 naturae
289 2093 371 2141 ejus
390 2091 510 2128 fuisse
528 2104 535 2140 3
566 2090 663 2128 vitia
681 2089 743 2128 vel
774 2089 951 2135 fortunae,
974 2087 1033 2125 vel
1061 2088 1197 2126 aetatis.
1258 2089 1331 2127 Vis
1351 2089 1468 2127 incre-

121 2155 251 2192 dibilis
272 2155 409 2204 animi;
440 2154 582 2192 laboris
602 2153 789 2204 patientia
806 2152 1079 2202 propemodum
1109 2153 1251 2202 nimia;
1282 2153 1468 2191 fortitudo

120 2233 193 2256 nou
215 2219 314 2255 inter
329 2219 456 2268 Reges
477 2218 591 2255 modo
610 2216 814 2264 excellens,
845 2217 911 2253 sod
943 2217 1042 2254 inter
1070 2217 1157 2254 illos
1187 2218 1350 2269 queque,
1379 2230 1468 2269 quo-

120 2296 202 2320 rum
224 2282 305 2320 haee
325 2281 405 2319 sola
425 2281 550 2319 virtus
572 2280 672 2329 fuit3
706 2280 921 2317 liberalitas
951 2283 1053 2330 saepe
1082 2282 1229 2330 majora
1249 2281 1468 2327 tribuentis,

120 2347 234 2397 quam
255 2360 277 2383 a
297 2345 382 2383 Diis
403 2350 608 2394 petuntur,
639 2344 841 2381 clementia
872 2344 907 2381 iu
938 2344 1133 2393 dcvictos3
1167 2349 1228 2382 tot
1255 2357 1374 2395 regna
1401 2350 1468 2382 aut

124 2409 288 2457 reddita,
309 2408 451 2460 quibus
481 2421 524 2445 ca
554 2408 771 2457 dempserat
805 2407 915 2455 lit—llo,
951 2413 1017 2445 aut
1048 2407 1145 2445 douo
1178 2407 1288 2457 data3
1319 2407 1464 2455 mortis,

122 2475 230 2523 cujus
251 2479 374 2511 motus
395 2478 553 2510 eoetoros
574 2473 781 2518 oxauinmt,
799 2478 983 2522 perpetua
1014 2471 1268 2522 e‹›x¹.teu1ptio;
1301 2471 1322 2489 ¹⁸
1334 2471 1466 2522 gloria:
