1583 2680
134 155 210 194 5208
600 167 784 199 QUINTI
824 165 1010 192 cunru

133 265 173 298 et
205 261 246 298 in
277 259 399 310 primo
430 259 562 297 finium
593 272 750 297 suorum
783 259 894 296 aditu
926 262 1143 296 occurreret
1175 256 1287 308 Regi.
1354 256 1477 294 Porus

136 323 303 362 alterum
324 337 372 361 ex
391 323 451 360 his
471 324 662 360 facturum
692 335 774 360 sese
805 322 1016 372 respondit,
1039 322 1049 339 ¹
1064 326 1109 359 ut
1138 320 1297 358 intranti
1319 331 1478 371 regnum

134 400 243 425 suum
263 388 404 437 praesto
426 391 537 434 esset,
559 386 626 423 sed
647 391 829 423 armatus.
888 385 918 423 J
921 399 981 422 am
1010 384 1236 434 Hydaspem
1256 382 1482 421 Alexander

134 463 314 501 superare
335 451 566 497 decreverat,
588 450 678 486 cnm
706 450 718 467 ²
734 449 968 486 Barzaentes
997 447 1226 486 defectionis
1256 445 1481 484 Arachosiis

135 519 279 562 auctor,
293 513 457 563 vinctus,
472 514 709 564 trigintaque
729 512 920 563 elephanti
941 511 1056 549 simul
1070 511 1172 561 capti
1191 510 1478 560 perducuntur3

134 581 390 626 opportunum
422 576 609 614 adversus
639 575 759 613 Indos
779 575 977 622 auxilium,
1007 574 1147 624 quippe
1162 573 1250 623 plus
1270 573 1310 610 in
1342 571 1482 611 belluis

134 640 250 690 quam
269 639 308 676 in
329 639 499 677 exercitu
519 639 600 689 spei
619 652 662 677 ac
681 639 823 677 virium
843 638 920 675 illis
941 642 1035 675 erat.
1093 636 1365 687 Gamaxusque
1386 635 1480 673 Rex

135 703 285 753 exiguae
304 703 425 753 partis
445 703 646 750 Indorum,
667 703 733 753 qui
762 702 966 739 Barzaenti
988 714 1026 737 se
1046 702 1310 749 conjunxerat,
1330 698 1482 736 vinctus

135 765 325 802 adductus
345 771 414 803 est.
491 766 618 816 Igitur
646 765 848 815 transfuga
869 769 908 801 et
940 763 1074 814 regulo
1096 763 1135 800 in
1165 762 1391 809 custodiam,
1412 760 1483 798 ele·

135 829 288 879 phantis
309 834 438 866 autem
458 828 588 865 Taxili
607 828 774 875 traditis,
797 827 846 864 ad
867 840 1016 864 amnem
1037 826 1264 876 Hydaspem
1285 824 1483 876 pervenit:

135 892 175 929 iu
207 893 318 941 cujus
351 891 536 929 ulteriore
566 892 653 942 ripa
689 891 815 929 Porus
850 890 1085 938 consederat,
1119 889 1288 926 transitu
1319 887 1481 940 prohibi·

135 959 246 992 turus
273 954 432 992 hostem.
494 953 706 1006 Octoginta
735 954 902 1005 quinque
936 953 1160 1004 elephantos
1193 952 1388 1002 objecerat
1424 964 1484 988 ex·

137 1018 226 1056 imio
248 1031 449 1068 corporum
468 1018 626 1067 robore;
657 1018 836 1069 ultraque
858 1031 933 1065 (208,
955 1030 1089 1055 currus
1109 1020 1300 1054 trecentos
1321 1019 1360 1053 et
1377 1014 1480 1065 pedi-

138 1086 221 1119 tum
241 1081 403 1132 triginta
429 1081 509 1119 fere
541 1082 664 1119 millia
681 1094 689 1119 ε
720 1082 759 1119 in
779 1081 886 1132 queis
907 1085 1016 1119 erant
1046 1079 1238 1131 sagittarii
1258 1078 1374 1127 (sieut
1393 1076 1483 1114 ante

137 1145 284 1182 dictum
304 1147 378 1195 est)
410 1145 677 1196 ³gravi0ribus
705 1145 808 1192 telis,
829 1145 946 1195 quam
975 1148 1022 1180 ut
1055 1142 1144 1193 apte
1165 1141 1296 1179 excuti
1314 1145 1482 1191 possent.

139 1208 274 1258 Ipsum
301 1207 466 1246 vehebat
501 1208 730 1258 elephantus
765 1221 881 1257 super
917 1212 1075 1244 caeteras
1107 1204 1255 1244 belluas
1290 1204 1484 1242 eminens:

138 1283 318 1322 armaque
349 1284 441 1308 auro
462 1276 502 1308 et
521 1276 679 1322 argento
712 1271 894 1308 distincta
926 1282 1064 1320 corpus
1091 1282 1190 1306 rarae
1209 1267 1485 1319 magnitudinis

137 1333 403 1372 honestabunt.
462 1333 541 1371 Par
575 1334 725 1371 animus
754 1333 883 1371 robori
917 1333 1098 1383 corporis,
1129 1337 1178 1380 et,
1208 1336 1351 1383 quanta
1385 1330 1486 1368 inter

139 1397 256 1435 rudes
275 1402 429 1448 poterat
449 1410 543 1445 esse,
565 1397 764 1447 sapientia.

220 1463 279 1499 43.
311 1460 544 1498 Macedonas
564 1473 639 1498 non
669 1466 893 1510 conspectus
928 1459 1097 1496 hostium
1125 1458 1264 1505 solum,
1286 1457 1353 1495 sed
1372 1457 1487 1496 etiam

139 1523 315 1573 fluminis,
335 1523 437 1574 quod
468 1522 743 1560 transeundum
775 1527 870 1570 erat,
891 1521 1115 1573 magnitudo
1145 1521 1327 1558 terrebat.
1388 1519 1486 1566 Qua-

140 1593 228 1625 tuor
260 1587 300 1623 in
330 1586 575 1624 latitudinem
609 1586 734 1624 stadia
765 1586 946 1624 diffusum
978 1585 1170 1636 profundo
1205 1584 1314 1623 alveo
1335 1589 1374 1622 et
1401 1598 1486 1623 nus-

139 1664 252 1702 quam
274 1650 371 1688 vada
399 1650 605 1700 aperiente,
627 1650 791 1700 speciem
810 1651 911 1688 vasti
930 1650 1048 1687 maris
1067 1649 1221 1687 fecerat.
1279 1649 1292 1666 ⁴
1307 1648 1343 1686 N
1349 1661 1391 1686 ec
1418 1661 1488 1699 pro

141 1715 265 1765 spatio
303 1727 486 1764 aquarum
524 1714 602 1751 late
635 1714 896 1764 stagnantium
934 1713 1120 1764 impetum
1153 1712 1378 1761 coercebat3
1420 1712 1488 1750 sed

140 1778 249 1829 quasi
271 1778 309 1815 in
329 1782 475 1814 arctum
496 1777 722 1814 coeuntibus
743 1777 849 1827 ripiS,
872 1783 1032 1824 torrens,
1054 1781 1094 1814 et
1121 1775 1242 1813 elisus
1266 1775 1486 1813 ferebatur:

142 1841 368 1891 occultaque
390 1853 483 1877 saxa
515 1840 639 1877 inesse
670 1839 924 1877 ostendebant
957 1839 1134 1889 pluribus
1163 1838 1258 1875 loeis
1288 1838 1403 1876 undae
1432 1851 1487 1876 rc·

142 1917 339 1955 percussae.
423 1903 650 1941 Terribilior
681 1908 764 1940 erat
797 1903 913 1940 facies
944 1903 1048 1952 ripre,
1069 1914 1183 1952 quam
1219 1901 1307 1951 equi
1340 1901 1487 1952 virique

142 1967 436 2017 compleverant.
495 1965 660 2004 Stabant
690 1966 864 2017 ingentes
898 1970 1092 2003 vastorum
1125 1977 1328 2014 corporum
1356 1964 1487 2014 moles.

143 2037 181 2067 et
212 2031 258 2068 de
286 2030 480 2068 industria
505 2029 681 2077 irritatae,
703 2029 892 2066 horrendo
928 2028 1093 2066 stridore
1127 2040 1239 2065 aures
1260 2027 1484 2079 fatigabant„

146 2094 248 2131 Hinc
281 2094 416 2141 hostis,
438 2093 525 2130 hinc
555 2093 675 2130 amnis
695 2092 873 2142 ‘’capacia
905 2092 1061 2143 quidem
1092 2091 1201 2130 bonae
1221 2090 1300 2141 spei
1320 2095 1486 2141 pectora,

143 2164 181 2193 et
219 2170 318 2206 saepe
352 2170 391 2194 se
426 2161 594 2206 experta,
628 2156 833 2206 improviso
869 2161 994 2192 tamen
1026 2168 1166 2205 pavore
1196 2159 1485 2205 percusserant:

142 2220 282 2270 quippe
303 2219 501 2256 instabiles
522 2224 634 2265 rates,
656 2231 726 2255 nec
747 2218 862 2267 dirigi
884 2218 930 2255 ad
952 2219 1085 2268 ripam,
1106 2231 1175 2255 nec
1196 2219 1281 2255 tuto
1302 2216 1486 2267 applicari

144 2297 252 2334 posse
287 2282 501 2320 credebant.
573 2282 697 2319 Erant
728 2282 766 2318 in
800 2282 923 2318 medio
955 2295 1063 2319 amne
1097 2280 1232 2319 insulae
1264 2280 1418 2328 erebrae,
1447 2280 1485 2317 in

142 2359 236 2397 quas
267 2345 357 2383 Indi
377 2350 416 2383 et
446 2344 676 2382 Macedones
709 2350 857 2386 nantes.
881 2345 1017 2382 levatis
1052 2358 1165 2395 super
1199 2344 1325 2395 capita
1357 2343 1484 2389 armis,

144 2408 367 2446 transibant.
428 2407 489 2445 Ibi
521 2407 643 2445 “levia
677 2408 809 2457 praelia
843 2408 1100 2455 conferebant,
1131 2413 1170 2445 et
1203 2412 1365 2458 uterque
1396 2405 1484 2443 Rex

168 2486 294 2523 parvm
321 2472 376 2510 rei
398 2471 616 2509 discrimine
637 2485 795 2509 summm
817 2472 1086 2522 experiebatur
1107 2476 1294 2509 eventum.
1362 2468 1482 2507 Caetn-
