1583 2680
173 144 242 180 120
627 155 812 188 QUINTI
853 157 1037 183 cun'rrr

165 247 327 285 Darium
358 247 466 285 missi
503 261 563 286 xc.
639 249 651 266 ²
667 248 716 286 In
752 249 1057 300 supplementum
1093 249 1325 288 distributus
1362 250 1497 300 miles;

163 311 292 348 caeteri
322 311 472 349 remissi
503 312 668 360 domum,
689 316 830 362 praeter
862 312 1184 361 Lacedaemoni08‚
1205 326 1299 364 quos
1329 314 1436 351 tradi
1464 314 1504 351 in

162 374 373 411 custodiam
390 375 516 424 jussit.

245 439 300 473 11.
333 436 558 474 Mardorum
586 442 668 474 erat
700 450 794 488 gens
824 437 980 476 confinis
1012 438 1230 489 Hyrcaniae,
1270 438 1376 476 cultu
1411 439 1503 476 vitae

159 511 304 549 aspera,
326 505 365 537 et
383 500 597 538 latrociniis
625 505 788 538 assueta.
847 501 945 539 Haec
965 501 1047 539 sola
1064 514 1133 539 nec
1153 501 1301 552 legatos
1329 502 1501 549 miserat,

157 575 226 599 nec
245 563 447 601 videbatur
466 563 652 614 imperata
680 565 838 602 factura.
925 564 1063 616 Itaque
1092 564 1179 603 Rex
1205 565 1439 616 indignatus,
1469 565 1502 602 si

156 639 230 663 una
249 639 342 677 gens
375 631 504 677 posset
535 627 679 665 efficere
699 616 746 665 ne
778 627 944 666 invictus
971 632 1083 676 esset,
1105 628 1387 678 impedimentis
1416 640 1502 665 cum

155 690 334 738 praesidio
364 690 520 740 relictis,
540 691 685 729 invicta
714 705 830 729 manu
860 691 1065 729 comitante
1102 691 1287 741 procedit.
1371 691 1501 729 Noctu

155 752 230 790 iter
249 753 403 801 fecerat,
425 758 465 791 ct
484 754 608 803 prima
628 754 712 791 luce
733 754 855 792 hostis
875 755 914 791 in
944 759 1150 804 conspectu
1177 758 1280 790 erat:
1310 753 1501 791 tumultus

154 817 275 866 magis
294 817 410 867 quam
429 817 604 866 prcelium
623 817 709 854 fuit.
795 817 1004 855 Deturbati
1032 830 1079 855 ex
1099 816 1260 855 collibus
1280 829 1375 867 quos
1395 829 1500 854 occu-

153 885 347 928 paverant,
370 879 536 918 Barbari
555 880 803 930 profugiunt3
834 880 1075 932 proximique
1102 880 1177 919 vici
1206 880 1253 918 ab
1282 879 1420 917 incolis
1441 880 1500 917 de-

153 942 246 979 serti
267 943 481 992 capiuntur.
559 942 751 981 Interiora
769 944 935 994 regionis
957 945 1039 994 ejus
1059 943 1161 982 haud
1181 944 1271 981 sane
1292 943 1398 981 adire
1419 942 1501 980 sine

151 1008 290 1056 magna
308 1007 513 1044 vexatione
534 1007 728 1044 exercitus
747 1012 933 1057 poterant.
993 1007 1022 1045 J
1025 1021 1099 1058 uga
1122 1007 1309 1045 montium
1329 1006 1500 1057 praealtae

151 1068 270 1118 sylvae
285 1082 476 1120 rupesque
497 1069 612 1107 invite
632 1070 806 1120 sepiunt:
837 1084 883 1108 ea
904 1084 989 1121 quae
1003 1071 1118 1120 plana
1146 1074 1246 1117 sunt,
1266 1082 1364 1108 novo
1379 1069 1498 1107 muni-

150 1131 269 1168 menti
296 1145 434 1183 genere
454 1132 708 1182 impedierant
728 1132 902 1171 Barbari.
987 1133 1161 1171 Arbores
1182 1133 1311 1170 densae
1340 1137 1430 1170 sunt
1450 1146 1498 1170 ex

150 1194 344 1232 industria
360 1196 528 1243 consitae,
545 1209 705 1246 quarum
725 1200 873 1234 teneros
893 1195 1037 1234 ³adhuc
1056 1208 1181 1234 ramos
1195 1209 1310 1233 manu
1324 1196 1496 1245 flectunt,

149 1270 244 1308 quos
265 1258 429 1296 intortos
449 1260 585 1296 rursus
606 1259 778 1297 inserunt
795 1264 916 1298 terrae.
962 1259 1060 1297 Inde
1080 1259 1187 1297 velut
1206 1272 1253 1297 ex
1273 1259 1350 1296 alia
1369 1259 1497 1297 radice

149 1320 317 1360 laetiores
335 1322 463 1361 virent
483 1323 618 1360 trunci.
678 1323 777 1372 Hos,
797 1323 809 1340 ⁴
826 1324 903 1374 qua
923 1327 1064 1361 natura
1082 1323 1171 1371 fert,
1186 1322 1402 1361 adolescere
1421 1336 1498 1361 non

150 1384 303 1434 sinunt3
334 1386 473 1436 quippe
504 1386 622 1423 alium
654 1386 722 1424 alii
751 1386 861 1437 quasi
890 1399 994 1424 nexu
1031 1391 1259 1435 conserunt;
1308 1386 1399 1437 ‘'qui
1430 1386 1498 1425 ubi

149 1448 272 1485 multa
304 1449 441 1486 fronde
461 1449 593 1487 vestiti
619 1453 721 1498 sunt,
742 1450 920 1500 operiunt
950 1454 1104 1487 terram.
1192 1449 1332 1500 Itaque
1353 1450 1496 1488 occulti

149 1524 270 1549 nexus
304 1525 505 1561 ramorum,
543 1512 652 1551 velut
684 1513 823 1564 laquei,
854 1509 1043 1563 perpetua
1073 1525 1162 1563 sepe
1193 1513 1268 1550 iter
1300 1512 1493 1551 claudunt.

149 1574 236 1612 Una
271 1575 369 1613 ratio
401 1580 494 1623 erat,
516 1575 697 1614 caedendo
737 1576 883 1626 aperire
922 1575 1089 1614 saltum:
1133 1575 1201 1614 sed
1237 1575 1309 1613 hoc
1345 1589 1496 1627 quoque

148 1638 274 1688 magni
294 1640 429 1689 operis.
490 1638 628 1677 Crebri
647 1652 810 1690 namque
837 1636 931 1677 110111
951 1639 1184 1678 duraverant
1204 1639 1369 1689 stipites,
1390 1644 1429 1677 et
1455 1640 1495 1677 in

148 1714 187 1739 se
207 1702 392 1752 implicati
413 1701 592 1741 arborum
611 1703 725 1751 rami,
751 1703 946 1753 suspensis
967 1702 1117 1741 circulis
1147 1702 1292 1741 similes
1310 1702 1415 1740 lento
1442 1703 1494 1741 vi·

147 1765 246 1802 mine
266 1766 555 1804 frustrabantur
574 1766 684 1803 ictus.
731 1765 876 1804 Incolae
896 1770 1025 1804 autem
1044 1766 1123 1803 ritu
1136 1765 1304 1803 ferarum
1323 1765 1495 1816 virgulta

150 1829 278 1867 subire
298 1829 415 1877 soliti,
437 1834 520 1866 tum
539 1842 689 1880 quoquc
709 1829 945 1867 intraverant
973 1828 1127 1876 saltum,
1149 1827 1383 1879 occultisque
1405 1829 1493 1867 telis

147 1893 296 1930 hostem
314 1891 561 1930 lacessebant.

233 1959 288 1993 12.
322 1956 399 1994 Ille
438 1955 658 1994 venantium
689 1954 814 2003 modo,
851 1953 1014 1993 latibula
1045 1958 1250 2001 scrutatus,
1290 1954 1492 2006 plerosque

148 2019 339 2056 confodit:
371 2019 419 2056 ad
446 2018 627 2056 ultimum
659 2017 858 2055 circumire
891 2017 1030 2055 saltum
1060 2017 1206 2054 milites
1233 2017 1358 2066 jubet,
1387 2023 1432 2055 ut
1459 2018 1492 2056 si

147 2082 223 2132 qua
242 2087 404 2131 pateret,
425 2083 692 2132 irrumperent.
770 2080 845 2120 Sed
873 2080 1015 2131 ignotis
1034 2079 1127 2118 locis
1148 2080 1322 2131 plerique
1342 2080 1491 2118 oberra-

148 2144 250 2182 bant.
301 2144 466 2194 Excepti
487 2151 576 2182 sunt
597 2145 764 2196 quidam,
783 2144 882 2182 inter
902 2157 995 2195 quos
1010 2157 1128 2195 equus
1149 2144 1282 2195 Regis,
1299 2144 1493 2193 (Buceph-

148 2207 261 2245 alum
300 2208 502 2258 vocabant)
535 2222 645 2259 quem
678 2207 900 2246 Alexander
940 2220 1015 2245 non
1047 2207 1192 2254 eodem,
1225 2220 1300 2258 quo
1332 2213 1492 2245 caeteras

149 2271 471 2322 pecudeS,ani1no
501 2272 725 2309 :estimabat
783 2271 983 2321 6Ν1111κμ10
1013 2270 1077 2308 1110
1107 2284 1175 2308 1100
1206 2271 1245 2309 111
1265 2271 1377 2308 dorso
1406 2271 1491 2308 insi-

151 2335 240 2373 dere
262 2347 329 2372 suo
359 2334 575 2385 patiebatur
603 2335 745 2372 alium:
777 2339 815 2371 et
836 2334 995 2385 Regem,
1017 2336 1101 2372 011111
1129 2334 1247 2372 vellet
1276 2333 1492 2381 ascendere,

151 2404 286 2450 sponte
306 2401 376 2436 sua.
406 2412 530 2450 genua
561 2398 802 2447 submittens,
832 2398 1058 2448 excipiebat,
1081 2398 1382 2449 credebaturque
1413 2410 1494 2434 sen-

153 2463 225 2501 tire
245 2476 358 2514 quem
378 2462 544 2501 veheret.
606 2462 753 2511 Majoro
784 2463 873 2512 ergo
893 2463 1008 2513 quani
1040 2461 1200 2500 decebat
1241 2461 1299 2498 ira
1319 2459 1432 2498 simul
1452 2473 1495 2497 ac
