1583 2680
508 156 670 182 mnan
704 155 771 181 1x.
811 155 922 180 CAr.
957 155 1009 180 11.
1361 147 1434 183 221

97 248 223 286 triana
241 247 385 286 auxilia
402 250 546 298 praesto
567 251 666 296 sunt,
688 247 820 295 Dahae,
840 246 1093 299 Sogdianique
1123 246 1225 287 inter
1252 259 1322 286 nos
1340 249 1438 286 mili-

92 315 185 349 tant.
243 310 281 348 N
285 323 327 348 ec
346 315 472 349 tamen
500 311 558 348 illi
578 311 702 350 turbae
721 309 875 349 confido.
931 309 1095 348 Vestras
1113 323 1245 349 manus
1273 311 1435 360 intueor,

90 379 258 412 vestram
276 373 470 422 virtutem,
500 387 638 422 rerum,
657 387 749 425 quas
776 378 954 425 gesturus
983 386 1076 422 sum,
1095 373 1231 412 vadem
1257 374 1436 425 praedcm-

90 450 165 488 que
197 436 328 475 habeo.
385 433 578 482 Quamdiu
609 437 806 475 vobiscum
838 437 876 474 in
908 437 987 474 acie
1020 436 1142 486 stabo,
1162 450 1231 475 nec
1265 437 1340 475 mei
1368 451 1435 475 nec

88 500 258 538 hostium
278 500 468 538 exercitus
486 513 743 539 numeravero.
802 499 884 538 Vos
902 499 1013 538 modo
1033 499 1178 538 animos
1196 501 1289 539 mihi
1302 501 1434 552 plenos

88 562 300 600 alacritatis
319 575 362 601 ac
380 562 529 602 fidueiae
548 563 761 601 adhibete.’'

168 628 190 647 “
208 625 298 664 Non
328 627 368 664 in
400 626 531 664 limine
562 639 717 677 operum
754 626 1001 677 laborumque
1037 631 1262 676 nostrorum,
1301 627 1368 665 scd
1395 628 1434 665 in

87 690 196 728 exitu
214 695 367 729 stamus.
426 692 450 709 ¹⁹
465 690 716 729 Pervenimus
745 690 794 728 ad
825 690 917 728 solis
946 695 1072 728 ortum
1090 695 1130 728 et
1148 703 1339 740 oceanum,
1357 691 1434 729 nisi

87 753 214 791 obstat
245 753 419 805 ignavia:
448 753 536 792 inde
554 754 731 802 victores,
751 753 964 804 perdomito
993 754 1064 792 fine
1092 759 1291 803 terrarum,
1310 767 1432 793 rever-

87 821 211 855 temur
239 817 280 854 in
308 818 481 867 patriam.
538 817 673 855 Nolite
695 817 811 868 (quod
840 817 942 869 pigri
970 817 1147 868 agricolae
1172 817 1329 869 faciunt)
1356 831 1432 856 ma-

86 883 191 916 turos
208 879 359 917 fructus
388 892 455 930 per
483 879 659 917 inertiam
689 879 866 917 amittere
886 892 906 917 e
924 879 1108 918 manibus.
1167 879 1317 929 Majora
1344 885 1433 918 sunt

85 942 263 991 periculis
281 943 446 993 praemia.
502 942 619 981 Dives
637 942 770 981 cadem
797 947 836 980 et
863 942 1029 981 imbellis
1048 947 1107 981 est
1125 943 1240 994 regio.
1296 943 1431 995 Itaque

84 1017 159 1042 non
196 1010 276 1043 tam
313 1005 362 1043 ad
397 1005 558 1057 gloriam
591 1019 658 1044 vos
690 1005 797 1054 duco,
830 1007 945 1057 quam
977 1005 1026 1043 ad
1065 1006 1242 1056 praedam.
1313 1006 1431 1058 Digni

84 1068 189 1115 estis,
207 1067 274 1118 qui
293 1080 394 1118 opes,
415 1081 508 1120 quas
539 1068 637 1106 illud
665 1081 770 1106 marc
798 1068 994 1107 littoribus
1023 1069 1178 1118 invehit,
1197 1069 1371 1107 referatis
1389 1069 1430 1107 in

82 1130 273 1180 patriam,-
297 1130 405 1183 digni
423 1131 490 1182 qui
508 1131 606 1168 nihil
633 1131 885 1181 inexpertum,
914 1131 1011 1168 nihil
1038 1136 1145 1169 metu
1172 1132 1355 1170 omissum
1374 1145 1430 1170 re-

83 1194 305 1246 linquatis.''

162 1258 221 1279 Ἣ(
237 1257 327 1306 Per,
361 1270 428 1309 ego
458 1270 538 1306 vos,
568 1257 730 1309 gloriam
758 1261 937 1306 vestram,
968 1259 1046 1308 qua
1082 1256 1287 1295 humanum
1322 1258 1429 1296 fasti-

81 1320 188 1372 gium
219 1320 415 1369 exceditis,
434 1333 574 1372 perque
593 1325 632 1358 et
649 1333 733 1358 mea
751 1320 792 1358 in
810 1333 889 1368 VOS,
910 1324 949 1358 et
976 1320 1016 1358 in
1043 1332 1101 1357 me
1119 1325 1248 1358 vestra
1278 1321 1428 1370 merita,

80 1383 220 1434 quibus
256 1383 390 1422 invicti
422 1382 695 1431 contendimus,
733 1395 809 1431 oro,
846 1395 1059 1434 quaesoque,
1097 1395 1144 1420 ne
1180 1382 1428 1421 humanarum

83 1459 208 1484 rerum
226 1446 409 1484 terminos
428 1446 641 1495 adeuntem,
657 1446 851 1484 alumnum
869 1446 1235 1497 commilitonemque
1246 1451 1427 1494 vestrum,

81 1521 128 1546 ne
164 1508 287 1546 dicam
323 1509 483 1560 Regem,
522 1509 715 1548 deseratis.
791 1509 942 1548 Caetera
976 1509 1085 1548 vobis
1122 1509 1318 1560 imperavi,
1358 1509 1429 1548 hoc

83 1585 199 1609 unum
218 1571 414 1610 debiturus
434 1584 527 1610 sum.
583 1572 608 1589 ²¹
625 1571 680 1609 Et
708 1571 741 1609 is
759 1584 826 1609 vos
844 1584 946 1622 rogo,
965 1571 1032 1621 qui
1060 1571 1157 1608 nihil
1183 1574 1349 1622 unquam
1366 1585 1428 1610 vo-

82 1634 140 1673 bis
169 1634 344 1685 praecepi,
373 1634 467 1685 quin
495 1635 642 1684 primus
672 1646 734 1671 me
767 1627 945 1683 periculis
973 1633 1193 1682 obtulerim,
1225 1634 1290 1684 qui
1329 1648 1428 1685 saepe

81 1698 201 1736 aciem
229 1697 362 1748 clypeo
391 1710 474 1735 meo
501 1696 593 1744 texi,
626 1709 674 1734 ne
702 1696 934 1748 infregeritis
961 1695 1002 1733 in
1027 1696 1201 1735 manibus
1228 1695 1322 1734 meis
1348 1697 1426 1748 pal-

80 1773 193 1809 mam,
222 1764 299 1812 qua
330 1759 548 1808 Herculem,
579 1759 834 1810 Liberumque
864 1759 1033 1806 Patrem,
1064 1758 1098 1796 si
1127 1758 1273 1797 invidia
1299 1759 1426 1798 abfue-

80 1823 146 1873 rit,
163 1823 332 1874 aequabo.
390 1822 491 1861 Date
520 1822 590 1860 hoc
623 1822 798 1873 precibus
826 1821 933 1870 meis,
953 1826 991 1859 et
1008 1820 1161 1859 tandem
1190 1821 1426 1860 obstinatum

79 1886 276 1924 silentium
311 1885 488 1936 rumpite.
545 1885 625 1924 Ubi
662 1890 721 1923 est
756 1884 821 1922 ille
859 1884 1011 1932 clamor,
1047 1884 1257 1922 alacritatis
1289 1889 1426 1924 vestrae

80 1948 227 1987 index?
254 1949 322 1987 ubi
351 1948 419 1986 ille
447 1960 616 1986 meorum
645 1947 896 1986 Macedonum
922 1946 1088 1985 vultus?
1142 1948 1234 1985 Non
1262 1961 1425 1999 agnosco

80 2024 160 2059 vos,
191 2011 346 2059 milites,
372 2024 440 2049 nec
470 2011 623 2062 agnosci
650 2009 780 2048 videor
807 2023 830 2047 a
857 2009 976 2050 vobis.
1032 2009 1175 2049 Surdas
1200 2011 1423 2060 jamdudum

80 2086 192 2112 aures
210 2074 330 2124 pulso.
385 2074 552 2114 Aversos
571 2073 717 2112 animos
736 2078 775 2111 et
794 2073 975 2111 infractos
993 2073 1159 2112 excitare
1178 2075 1326 2112 conor.’'

162 2139 196 2174 7.
227 2135 396 2187 Cumque
427 2136 487 2173 illi
515 2136 554 2174 in
582 2140 725 2174 terram
752 2135 927 2173 demissis
956 2135 1146 2186 capitibus
1178 2140 1304 2175 tacere
1342 2150 1422 2187 per-

81 2203 309 2246 severarent‚
340 2199 365 2216 ²²
381 2201 402 2219 “
418 2197 558 2236 Nescio
576 2197 708 2248 quid,‘’
739 2197 876 2249 inquit,
907 2197 1162 2249 “imprudens
1189 2199 1230 2236 in
1246 2212 1314 2237 vos
1332 2199 1422 2237 deli-

79 2262 158 2313 qui,
186 2261 287 2312 qubd
316 2274 375 2299 mc
403 2273 450 2298 nc
481 2260 622 2299 intueri
649 2260 802 2312 quidem
830 2260 958 2300 vultis.
1014 2261 1064 2300 In
1095 2261 1301 2300 solitudine
1328 2262 1422 2300 mihi

80 2325 212 2363 videor
248 2337 339 2363 esse.
407 2323 528 2362 Nemo
563 2323 777 2374 respondet,
814 2337 925 2363 nemo
961 2325 1096 2364 saltem
1125 2331 1251 2377 negat.
1318 2325 1422 2371 Quos

80 2387 280 2439 alloquor?
336 2386 439 2433 Quid
468 2392 595 2425 autem
621 2387 803 2437 postulo?
858 2387 1038 2427 Vestram
1057 2388 1229 2440 gloriam,
1249 2394 1287 2426 et
1319 2401 1420 2439 mag-

81 2450 291 2488 nitudinem
311 2449 553 2488 vindicamus.
610 2450 688 2489 Ubi
716 2456 802 2488 sunt
829 2450 900 2499 illi,
919 2465 1076 2502 quorum
1095 2457 1284 2489 certamen
1306 2450 1419 2501 paulo
