<?xml version="1.0" encoding="UTF-8"?>
<!DOCTYPE html PUBLIC "-//W3C//DTD XHTML 1.0 Transitional//EN"
    "http://www.w3.org/TR/xhtml1/DTD/xhtml1-transitional.dtd">
<html xmlns="http://www.w3.org/1999/xhtml" xml:lang="en" lang="en">
 <head>
  <title>
</title>
<meta http-equiv="Content-Type" content="text/html;charset=utf-8" />
  <meta name='ocr-system' content='tesseract 3.04.00' />
  <meta name='ocr-capabilities' content='ocr_page ocr_carea ocr_par ocr_line ocrx_word'/>
</head>
<body>
  <div class='ocr_page' id='page_1' title='image "./lifeexploitsofal00curtuoft/lifeexploitsofal00curtuoft_0021.png"; bbox 0 0 1583 2680; ppageno 0'>
   <div class='ocr_carea' id='block_1_1' title="bbox 505 178 1440 213">
    <p class='ocr_par' dir='ltr' id='par_1_1' title="bbox 505 178 1440 213">
     <span class='ocr_line' id='line_1_1' title="bbox 505 178 1440 213; baseline 0.001 -1"><span class='ocrx_word' id='word_1_1' title='bbox 505 187 667 212; x_wconf 70' lang='lat' dir='ltr'>L113131t</span> <span class='ocrx_word' id='word_1_2' title='bbox 697 186 775 212; x_wconf 91' lang='lat'>111.</span> <span class='ocrx_word' id='word_1_3' title='bbox 817 187 928 212; x_wconf 63' lang='lat' dir='ltr'>car.</span> <span class='ocrx_word' id='word_1_4' title='bbox 970 187 1050 212; x_wconf 83' lang='lat'>111.</span> <span class='ocrx_word' id='word_1_5' title='bbox 1402 178 1440 213; x_wconf 83' lang='lat' dir='ltr'>ll</span> 
     </span>
    </p>
   </div>
   <div class='ocr_carea' id='block_1_2' title="bbox 91 277 1446 2538">
    <p class='ocr_par' dir='ltr' id='par_1_2' title="bbox 97 277 1446 1023">
     <span class='ocr_line' id='line_1_2' title="bbox 101 277 1444 330; baseline 0 -12"><span class='ocrx_word' id='word_1_6' title='bbox 101 280 238 319; x_wconf 90' lang='lat' dir='ltr'>habitu</span> <span class='ocrx_word' id='word_1_7' title='bbox 257 279 487 330; x_wconf 88' lang='lat' dir='ltr'>perductum</span> <span class='ocrx_word' id='word_1_8' title='bbox 515 292 600 317; x_wconf 88' lang='lat' dir='ltr'>csse</span> <span class='ocrx_word' id='word_1_9' title='bbox 617 279 816 318; x_wconf 79' lang='lat' dir='ltr'>vidisset.&#39;’</span> <span class='ocrx_word' id='word_1_10' title='bbox 875 277 1041 324; x_wconf 85' lang='lat' dir='ltr'><strong>Quidam</strong></span> <span class='ocrx_word' id='word_1_11' title='bbox 1061 283 1194 317; x_wconf 81' lang='lat' dir='ltr'>contra</span> <span class='ocrx_word' id='word_1_12' title='bbox 1213 280 1444 328; x_wconf 82' lang='lat' dir='ltr'>auguraban-</span> 
     </span>
     <span class='ocr_line' id='line_1_3' title="bbox 100 341 1444 394; baseline 0 -13"><span class='ocrx_word' id='word_1_13' title='bbox 100 348 186 382; x_wconf 88' lang='lat' dir='ltr'>tur:</span> <span class='ocrx_word' id='word_1_14' title='bbox 225 343 278 365; x_wconf 88' lang='lat'>⁷“</span> <span class='ocrx_word' id='word_1_15' title='bbox 292 343 433 394; x_wconf 89' lang='lat' dir='ltr'>quippe</span> <span class='ocrx_word' id='word_1_16' title='bbox 471 342 643 380; x_wconf 90' lang='lat' dir='ltr'>illustria</span> <span class='ocrx_word' id='word_1_17' title='bbox 680 341 937 380; x_wconf 86' lang='lat' dir='ltr'>Macedonum</span> <span class='ocrx_word' id='word_1_18' title='bbox 975 346 1102 380; x_wconf 84' lang='lat' dir='ltr'>eastra</span> <span class='ocrx_word' id='word_1_19' title='bbox 1134 342 1228 390; x_wconf 77' lang='lat' dir='ltr'>visa,</span> <span class='ocrx_word' id='word_1_20' title='bbox 1258 343 1444 393; x_wconf 80' lang='lat' dir='ltr'>fulgorem</span> 
     </span>
     <span class='ocr_line' id='line_1_4' title="bbox 100 405 1445 456; baseline 0 -12"><span class='ocrx_word' id='word_1_21' title='bbox 100 406 326 444; x_wconf 84' lang='lat' dir='ltr'>Alexandro</span> <span class='ocrx_word' id='word_1_22' title='bbox 346 405 587 456; x_wconf 83' lang='lat' dir='ltr'>portendere,</span> <span class='ocrx_word' id='word_1_23' title='bbox 609 418 723 456; x_wconf 91' lang='lat' dir='ltr'>quem</span> <span class='ocrx_word' id='word_1_24' title='bbox 741 417 902 455; x_wconf 88' lang='lat' dir='ltr'>regnum</span> <span class='ocrx_word' id='word_1_25' title='bbox 923 405 1034 443; x_wconf 79' lang='lat' dir='ltr'>Asiae</span> <span class='ocrx_word' id='word_1_26' title='bbox 1055 410 1332 455; x_wconf 84' lang='lat' dir='ltr'>occupaturum</span> <span class='ocrx_word' id='word_1_27' title='bbox 1351 419 1445 453; x_wconf 84' lang='lat' dir='ltr'>esse,</span> 
     </span>
     <span class='ocr_line' id='line_1_5' title="bbox 99 467 1446 520; baseline 0 -13"><span class='ocrx_word' id='word_1_28' title='bbox 99 469 200 507; x_wconf 88' lang='lat' dir='ltr'>haud</span> <span class='ocrx_word' id='word_1_29' title='bbox 219 469 423 520; x_wconf 85' lang='lat' dir='ltr'>ambigere,</span> <span class='ocrx_word' id='word_1_30' title='bbox 443 468 624 520; x_wconf 88' lang='lat' dir='ltr'>quoniam</span> <span class='ocrx_word' id='word_1_31' title='bbox 644 468 837 512; x_wconf 82' lang='lat' dir='ltr'>ineodem</span> <span class='ocrx_word' id='word_1_32' title='bbox 864 467 1000 506; x_wconf 90' lang='lat' dir='ltr'>habitu</span> <span class='ocrx_word' id='word_1_33' title='bbox 1020 467 1163 505; x_wconf 88' lang='lat' dir='ltr'>Darius</span> <span class='ocrx_word' id='word_1_34' title='bbox 1182 469 1334 517; x_wconf 84' lang='lat' dir='ltr'>fuisset,</span> <span class='ocrx_word' id='word_1_35' title='bbox 1356 471 1446 507; x_wconf 70' lang='lat' dir='ltr'>esim</span> 
     </span>
     <span class='ocr_line' id='line_1_6' title="bbox 99 531 1445 583; baseline 0.001 -14"><span class='ocrx_word' id='word_1_36' title='bbox 99 532 314 583; x_wconf 88' lang='lat' dir='ltr'>appellatus</span> <span class='ocrx_word' id='word_1_37' title='bbox 335 537 394 570; x_wconf 89' lang='lat' dir='ltr'>est</span> <span class='ocrx_word' id='word_1_38' title='bbox 414 531 513 570; x_wconf 83' lang='lat' dir='ltr'>Rex.</span> <span class='ocrx_word' id='word_1_39' title='bbox 571 531 720 569; x_wconf 83' lang='lat' dir='ltr'><strong>Vetera</strong></span> <span class='ocrx_word' id='word_1_40' title='bbox 739 544 890 582; x_wconf 87' lang='lat' dir='ltr'>quoque</span> <span class='ocrx_word' id='word_1_41' title='bbox 910 531 1050 579; x_wconf 88' lang='lat' dir='ltr'>omina,</span> <span class='ocrx_word' id='word_1_42' title='bbox 1071 531 1136 569; x_wconf 72' lang='lat' dir='ltr'>⁸ut</span> <span class='ocrx_word' id='word_1_43' title='bbox 1155 531 1209 579; x_wconf 86' lang='lat' dir='ltr'>fit,</span> <span class='ocrx_word' id='word_1_44' title='bbox 1227 531 1445 570; x_wconf 88' lang='lat' dir='ltr'>sollicitudo</span> 
     </span>
     <span class='ocr_line' id='line_1_7' title="bbox 98 594 1445 645; baseline 0 -12"><span class='ocrx_word' id='word_1_45' title='bbox 98 600 363 644; x_wconf 75' lang='lat' dir='ltr'>revocaverat3</span> <span class='ocrx_word' id='word_1_46' title='bbox 395 595 592 632; x_wconf 88' lang='lat' dir='ltr'>“Darium</span> <span class='ocrx_word' id='word_1_47' title='bbox 611 595 711 632; x_wconf 90' lang='lat' dir='ltr'>enim</span> <span class='ocrx_word' id='word_1_48' title='bbox 735 594 775 632; x_wconf 90' lang='lat' dir='ltr'>in</span> <span class='ocrx_word' id='word_1_49' title='bbox 801 594 989 644; x_wconf 86' lang='lat' dir='ltr'>principio</span> <span class='ocrx_word' id='word_1_50' title='bbox 1009 594 1161 645; x_wconf 90' lang='lat' dir='ltr'>imperii</span> <span class='ocrx_word' id='word_1_51' title='bbox 1179 595 1356 645; x_wconf 81' lang='lat' dir='ltr'>vaginam</span> <span class='ocrx_word' id='word_1_52' title='bbox 1376 596 1445 633; x_wconf 88' lang='lat' dir='ltr'>aci-</span> 
     </span>
     <span class='ocr_line' id='line_1_8' title="bbox 98 657 1430 710; baseline 0 -14"><span class='ocrx_word' id='word_1_53' title='bbox 98 658 205 696; x_wconf 87' lang='lat' dir='ltr'>nacis</span> <span class='ocrx_word' id='word_1_54' title='bbox 239 658 437 696; x_wconf 82' lang='lat' dir='ltr'>Persicam</span> <span class='ocrx_word' id='word_1_55' title='bbox 466 658 629 707; x_wconf 89' lang='lat' dir='ltr'>jussisse</span> <span class='ocrx_word' id='word_1_56' title='bbox 656 657 799 695; x_wconf 87' lang='lat' dir='ltr'>mutari</span> <span class='ocrx_word' id='word_1_57' title='bbox 827 658 867 695; x_wconf 91' lang='lat' dir='ltr'>in</span> <span class='ocrx_word' id='word_1_58' title='bbox 895 671 979 695; x_wconf 91' lang='lat' dir='ltr'>eam</span> <span class='ocrx_word' id='word_1_59' title='bbox 1013 658 1187 706; x_wconf 89' lang='lat' dir='ltr'>formam,</span> <span class='ocrx_word' id='word_1_60' title='bbox 1207 660 1284 710; x_wconf 67' lang='lat' dir='ltr'>qua.</span> <span class='ocrx_word' id='word_1_61' title='bbox 1317 658 1430 697; x_wconf 81' lang='lat' dir='ltr'>Graec</span> 
     </span>
     <span class='ocr_line' id='line_1_9' title="bbox 98 719 1444 772; baseline 0.001 -14"><span class='ocrx_word' id='word_1_62' title='bbox 98 726 324 770; x_wconf 87' lang='lat' dir='ltr'>uterentur;</span> <span class='ocrx_word' id='word_1_63' title='bbox 368 721 618 772; x_wconf 84' lang='lat' dir='ltr'>protinusque</span> <span class='ocrx_word' id='word_1_64' title='bbox 661 719 865 759; x_wconf 74' lang='lat' dir='ltr'>Chaldaeos</span> <span class='ocrx_word' id='word_1_65' title='bbox 912 720 1199 771; x_wconf 83' lang='lat' dir='ltr'>interpretatos,</span> <span class='ocrx_word' id='word_1_66' title='bbox 1242 721 1444 771; x_wconf 89' lang='lat' dir='ltr'>imperium</span> 
     </span>
     <span class='ocr_line' id='line_1_10' title="bbox 99 783 1444 835; baseline 0 -13"><span class='ocrx_word' id='word_1_67' title='bbox 99 783 305 822; x_wconf 82' lang='lat' dir='ltr'>Persarum</span> <span class='ocrx_word' id='word_1_68' title='bbox 333 785 382 822; x_wconf 92' lang='lat' dir='ltr'>ad</span> <span class='ocrx_word' id='word_1_69' title='bbox 402 797 466 822; x_wconf 89' lang='lat' dir='ltr'>eos</span> <span class='ocrx_word' id='word_1_70' title='bbox 495 784 762 832; x_wconf 84' lang='lat' dir='ltr'>transiturum,</span> <span class='ocrx_word' id='word_1_71' title='bbox 782 796 945 835; x_wconf 90' lang='lat' dir='ltr'>quorum</span> <span class='ocrx_word' id='word_1_72' title='bbox 973 797 1076 821; x_wconf 88' lang='lat' dir='ltr'>arma</span> <span class='ocrx_word' id='word_1_73' title='bbox 1105 789 1207 822; x_wconf 88' lang='lat' dir='ltr'>esset</span> <span class='ocrx_word' id='word_1_74' title='bbox 1234 785 1444 823; x_wconf 85' lang='lat' dir='ltr'>imitatus.⁷’</span> 
     </span>
     <span class='ocr_line' id='line_1_11' title="bbox 100 846 1443 899; baseline 0.002 -15"><span class='ocrx_word' id='word_1_75' title='bbox 100 846 296 885; x_wconf 74' lang='lat' dir='ltr'>Caeterum</span> <span class='ocrx_word' id='word_1_76' title='bbox 324 848 405 898; x_wconf 88' lang='lat' dir='ltr'>ipse</span> <span class='ocrx_word' id='word_1_77' title='bbox 425 852 464 885; x_wconf 89' lang='lat' dir='ltr'>et</span> <span class='ocrx_word' id='word_1_78' title='bbox 492 848 650 885; x_wconf 74' lang='lat' dir='ltr'>’vatum</span> <span class='ocrx_word' id='word_1_79' title='bbox 676 860 870 896; x_wconf 87' lang='lat' dir='ltr'>responso,</span> <span class='ocrx_word' id='word_1_80' title='bbox 892 847 997 898; x_wconf 89' lang='lat' dir='ltr'>quod</span> <span class='ocrx_word' id='word_1_81' title='bbox 1025 847 1241 886; x_wconf 81' lang='lat' dir='ltr'>edebatur</span> <span class='ocrx_word' id='word_1_82' title='bbox 1232 861 1272 885; x_wconf 89' lang='lat' dir='ltr'>1n</span> <span class='ocrx_word' id='word_1_83' title='bbox 1292 848 1443 899; x_wconf 57' lang='lat' dir='ltr'>vulgae,</span> 
     </span>
     <span class='ocr_line' id='line_1_12' title="bbox 97 909 1444 981; baseline 0.001 -34"><span class='ocrx_word' id='word_1_84' title='bbox 97 915 136 947; x_wconf 91' lang='lat' dir='ltr'>et</span> <span class='ocrx_word' id='word_1_85' title='bbox 155 910 292 960; x_wconf 87' lang='lat' dir='ltr'>specie,</span> <span class='ocrx_word' id='word_1_86' title='bbox 313 923 399 961; x_wconf 82' lang='lat' dir='ltr'>quae</span> <span class='ocrx_word' id='word_1_87' title='bbox 417 923 484 960; x_wconf 90' lang='lat' dir='ltr'>per</span> <span class='ocrx_word' id='word_1_88' title='bbox 504 909 694 947; x_wconf 89' lang='lat' dir='ltr'>somnium</span> <span class='ocrx_word' id='word_1_89' title='bbox 714 909 844 947; x_wconf 88' lang='lat' dir='ltr'>oblata</span> <span class='ocrx_word' id='word_1_90' title='bbox 871 915 965 958; x_wconf 87' lang='lat' dir='ltr'>erat,</span> <span class='ocrx_word' id='word_1_91' title='bbox 986 910 1189 948; x_wconf 84' lang='lat' dir='ltr'>admodum</span> <span class='ocrx_word' id='word_1_92' title='bbox 1219 911 1345 981; x_wconf 84' lang='lat' dir='ltr'>laetus,</span> <span class='ocrx_word' id='word_1_93' title='bbox 1366 924 1444 949; x_wconf 85' lang='lat' dir='ltr'>cas-</span> 
     </span>
     <span class='ocr_line' id='line_1_13' title="bbox 97 972 791 1023; baseline 0 -13"><span class='ocrx_word' id='word_1_94' title='bbox 97 978 158 1010; x_wconf 87' lang='lat' dir='ltr'>tra</span> <span class='ocrx_word' id='word_1_95' title='bbox 177 973 226 1010; x_wconf 88' lang='lat' dir='ltr'>ad</span> <span class='ocrx_word' id='word_1_96' title='bbox 247 972 487 1023; x_wconf 86' lang='lat' dir='ltr'>Euphratem</span> <span class='ocrx_word' id='word_1_97' title='bbox 507 972 652 1010; x_wconf 81' lang='lat' dir='ltr'>moveri</span> <span class='ocrx_word' id='word_1_98' title='bbox 668 972 791 1021; x_wconf 86' lang='lat' dir='ltr'>jubet.</span> 
     </span>
    </p>

    <p class='ocr_par' dir='ltr' id='par_1_3' title="bbox 91 1034 1443 2538">
     <span class='ocr_line' id='line_1_14' title="bbox 175 1034 1443 1084; baseline 0.001 -11"><span class='ocrx_word' id='word_1_99' title='bbox 175 1038 210 1073; x_wconf 82' lang='lat'>7.</span> <span class='ocrx_word' id='word_1_100' title='bbox 240 1035 376 1073; x_wconf 89' lang='lat' dir='ltr'>Patrio</span> <span class='ocrx_word' id='word_1_101' title='bbox 395 1047 499 1072; x_wconf 84' lang='lat' dir='ltr'>more</span> <span class='ocrx_word' id='word_1_102' title='bbox 529 1034 739 1072; x_wconf 85' lang='lat' dir='ltr'>Persarum</span> <span class='ocrx_word' id='word_1_103' title='bbox 768 1034 954 1072; x_wconf 86' lang='lat' dir='ltr'>traditum</span> <span class='ocrx_word' id='word_1_104' title='bbox 975 1040 1044 1083; x_wconf 89' lang='lat' dir='ltr'>est,</span> <span class='ocrx_word' id='word_1_105' title='bbox 1066 1040 1148 1073; x_wconf 91' lang='lat' dir='ltr'>orto</span> <span class='ocrx_word' id='word_1_106' title='bbox 1178 1035 1270 1084; x_wconf 90' lang='lat' dir='ltr'>sole,</span> <span class='ocrx_word' id='word_1_107' title='bbox 1291 1036 1443 1074; x_wconf 84' lang='lat' dir='ltr'>demum</span> 
     </span>
     <span class='ocr_line' id='line_1_15' title="bbox 95 1091 1443 1151; baseline 0.001 -15"><span class='ocrx_word' id='word_1_108' title='bbox 95 1097 313 1148; x_wconf 89' lang='lat' dir='ltr'>procedere.</span> <span class='ocrx_word' id='word_1_109' title='bbox 371 1097 398 1116; x_wconf 87' lang='lat'>¹⁰</span> <span class='ocrx_word' id='word_1_110' title='bbox 412 1097 486 1135; x_wconf 89' lang='lat' dir='ltr'>Die</span> <span class='ocrx_word' id='word_1_111' title='bbox 515 1098 596 1147; x_wconf 90' lang='lat' dir='ltr'>jam</span> <span class='ocrx_word' id='word_1_112' title='bbox 628 1091 773 1134; x_wconf 80' lang='lat' dir='ltr'>illus&#39;tri</span> <span class='ocrx_word' id='word_1_113' title='bbox 806 1096 1011 1147; x_wconf 86' lang='lat' dir='ltr'>signum.e</span> <span class='ocrx_word' id='word_1_114' title='bbox 1041 1097 1286 1137; x_wconf 84' lang='lat' dir='ltr'>tabernaculo</span> <span class='ocrx_word' id='word_1_115' title='bbox 1321 1100 1443 1151; x_wconf 87' lang='lat' dir='ltr'>Regis</span> 
     </span>
     <span class='ocr_line' id='line_1_16' title="bbox 94 1159 1442 1210; baseline 0.001 -12"><span class='ocrx_word' id='word_1_116' title='bbox 94 1161 256 1199; x_wconf 68' lang='lat' dir='ltr'>buccina</span> <span class='ocrx_word' id='word_1_117' title='bbox 284 1160 470 1210; x_wconf 78' lang='lat' dir='ltr'>dabatur3</span> <span class='ocrx_word' id='word_1_118' title='bbox 501 1173 617 1210; x_wconf 89' lang='lat' dir='ltr'>super</span> <span class='ocrx_word' id='word_1_119' title='bbox 644 1159 946 1208; x_wconf 88' lang='lat' dir='ltr'>tabernaculum,</span> <span class='ocrx_word' id='word_1_120' title='bbox 965 1160 1067 1199; x_wconf 91' lang='lat' dir='ltr'>unde</span> <span class='ocrx_word' id='word_1_121' title='bbox 1087 1161 1134 1199; x_wconf 90' lang='lat' dir='ltr'>ab</span> <span class='ocrx_word' id='word_1_122' title='bbox 1154 1162 1330 1200; x_wconf 91' lang='lat' dir='ltr'>omnibus</span> <span class='ocrx_word' id='word_1_123' title='bbox 1358 1176 1442 1200; x_wconf 91' lang='lat' dir='ltr'>con-</span> 
     </span>
     <span class='ocr_line' id='line_1_17' title="bbox 94 1222 1442 1275; baseline 0.001 -13"><span class='ocrx_word' id='word_1_124' title='bbox 94 1224 190 1275; x_wconf 87' lang='lat' dir='ltr'>spici</span> <span class='ocrx_word' id='word_1_125' title='bbox 217 1229 359 1275; x_wconf 88' lang='lat' dir='ltr'>posset,</span> <span class='ocrx_word' id='word_1_126' title='bbox 381 1225 405 1242; x_wconf 87' lang='lat'>¹¹</span> <span class='ocrx_word' id='word_1_127' title='bbox 420 1223 545 1275; x_wconf 89' lang='lat' dir='ltr'>imago</span> <span class='ocrx_word' id='word_1_128' title='bbox 574 1222 678 1262; x_wconf 87' lang='lat' dir='ltr'>Solis</span> <span class='ocrx_word' id='word_1_129' title='bbox 705 1222 888 1274; x_wconf 87' lang='lat' dir='ltr'>crystallo</span> <span class='ocrx_word' id='word_1_130' title='bbox 916 1223 1066 1261; x_wconf 88' lang='lat' dir='ltr'>inclusa</span> <span class='ocrx_word' id='word_1_131' title='bbox 1092 1224 1273 1275; x_wconf 82' lang='lat' dir='ltr'>fulgebat.</span> <span class='ocrx_word' id='word_1_132' title='bbox 1335 1225 1442 1265; x_wconf 90' lang='lat' dir='ltr'>Ordo</span> 
     </span>
     <span class='ocr_line' id='line_1_18' title="bbox 94 1285 1441 1339; baseline 0.001 -14"><span class='ocrx_word' id='word_1_133' title='bbox 94 1292 226 1325; x_wconf 88' lang='lat' dir='ltr'>autem</span> <span class='ocrx_word' id='word_1_134' title='bbox 243 1287 406 1339; x_wconf 84' lang='lat' dir='ltr'>agminis</span> <span class='ocrx_word' id='word_1_135' title='bbox 426 1292 510 1326; x_wconf 82' lang='lat' dir='ltr'>erat</span> <span class='ocrx_word' id='word_1_136' title='bbox 529 1287 640 1325; x_wconf 86' lang='lat' dir='ltr'>talis:</span> <span class='ocrx_word' id='word_1_137' title='bbox 671 1285 793 1337; x_wconf 81' lang='lat' dir='ltr'>Ignis,</span> <span class='ocrx_word' id='word_1_138' title='bbox 808 1299 922 1338; x_wconf 89' lang='lat' dir='ltr'>quem</span> <span class='ocrx_word' id='word_1_139' title='bbox 941 1287 1015 1337; x_wconf 92' lang='lat' dir='ltr'>ipsi</span> <span class='ocrx_word' id='word_1_140' title='bbox 1035 1300 1184 1325; x_wconf 87' lang='lat' dir='ltr'>sacrum</span> <span class='ocrx_word' id='word_1_141' title='bbox 1199 1293 1238 1326; x_wconf 85' lang='lat' dir='ltr'>et</span> <span class='ocrx_word' id='word_1_142' title='bbox 1256 1294 1441 1327; x_wconf 83' lang='lat' dir='ltr'>aeternum</span> 
     </span>
     <span class='ocr_line' id='line_1_19' title="bbox 93 1350 1441 1404; baseline 0.001 -16"><span class='ocrx_word' id='word_1_143' title='bbox 93 1351 292 1399; x_wconf 84' lang='lat' dir='ltr'>vocabant,</span> <span class='ocrx_word' id='word_1_144' title='bbox 313 1351 508 1402; x_wconf 86' lang='lat' dir='ltr'>argenteis</span> <span class='ocrx_word' id='word_1_145' title='bbox 536 1350 723 1389; x_wconf 85' lang='lat' dir='ltr'>altaribus</span> <span class='ocrx_word' id='word_1_146' title='bbox 751 1351 1040 1400; x_wconf 76' lang='lat' dir='ltr'>praeferebatur.</span> <span class='ocrx_word' id='word_1_147' title='bbox 1100 1352 1126 1369; x_wconf 78' lang='lat'>¹²</span> <span class='ocrx_word' id='word_1_148' title='bbox 1141 1351 1248 1404; x_wconf 89' lang='lat' dir='ltr'>Magi</span> <span class='ocrx_word' id='word_1_149' title='bbox 1275 1353 1441 1403; x_wconf 81' lang='lat' dir='ltr'>proximi</span> 
     </span>
     <span class='ocr_line' id='line_1_20' title="bbox 94 1414 1439 1467; baseline 0.001 -15"><span class='ocrx_word' id='word_1_150' title='bbox 94 1415 266 1465; x_wconf 80' lang='lat' dir='ltr'>patrium</span> <span class='ocrx_word' id='word_1_151' title='bbox 285 1427 436 1452; x_wconf 88' lang='lat' dir='ltr'>carmen</span> <span class='ocrx_word' id='word_1_152' title='bbox 457 1414 654 1452; x_wconf 86' lang='lat' dir='ltr'>cauebant.</span> <span class='ocrx_word' id='word_1_153' title='bbox 712 1414 850 1464; x_wconf 83' lang='lat' dir='ltr'>Magos</span> <span class='ocrx_word' id='word_1_154' title='bbox 878 1415 1041 1452; x_wconf 85' lang='lat' dir='ltr'>trecenti</span> <span class='ocrx_word' id='word_1_155' title='bbox 1060 1419 1098 1453; x_wconf 90' lang='lat' dir='ltr'>et</span> <span class='ocrx_word' id='word_1_156' title='bbox 1117 1416 1317 1466; x_wconf 83' lang='lat' dir='ltr'>sexaginta</span> <span class='ocrx_word' id='word_1_157' title='bbox 1335 1416 1439 1467; x_wconf 89' lang='lat' dir='ltr'>quiu-</span> 
     </span>
     <span class='ocr_line' id='line_1_21' title="bbox 93 1477 1439 1529; baseline 0.001 -14"><span class='ocrx_word' id='word_1_158' title='bbox 93 1490 167 1528; x_wconf 92' lang='lat' dir='ltr'>que</span> <span class='ocrx_word' id='word_1_159' title='bbox 182 1479 346 1528; x_wconf 86' lang='lat' dir='ltr'>juvenes</span> <span class='ocrx_word' id='word_1_160' title='bbox 365 1477 633 1529; x_wconf 83' lang='lat' dir='ltr'>sequebantur,</span> <span class='ocrx_word' id='word_1_161' title='bbox 653 1477 826 1528; x_wconf 88' lang='lat' dir='ltr'>puniceis</span> <span class='ocrx_word' id='word_1_162' title='bbox 845 1477 1020 1516; x_wconf 87' lang='lat' dir='ltr'>amiculis</span> <span class='ocrx_word' id='word_1_163' title='bbox 1040 1478 1171 1529; x_wconf 87' lang='lat' dir='ltr'>velati,</span> <span class='ocrx_word' id='word_1_164' title='bbox 1191 1479 1217 1497; x_wconf 83' lang='lat'>¹³</span> <span class='ocrx_word' id='word_1_165' title='bbox 1231 1479 1368 1517; x_wconf 91' lang='lat' dir='ltr'>diebus</span> <span class='ocrx_word' id='word_1_166' title='bbox 1388 1483 1439 1516; x_wconf 92' lang='lat' dir='ltr'>to-</span> 
     </span>
     <span class='ocr_line' id='line_1_22' title="bbox 93 1540 1440 1593; baseline 0 -15"><span class='ocrx_word' id='word_1_167' title='bbox 93 1542 172 1578; x_wconf 81' lang='lat' dir='ltr'>tius</span> <span class='ocrx_word' id='word_1_168' title='bbox 192 1541 282 1579; x_wconf 87' lang='lat' dir='ltr'>anni</span> <span class='ocrx_word' id='word_1_169' title='bbox 300 1554 410 1592; x_wconf 86' lang='lat' dir='ltr'>pares</span> <span class='ocrx_word' id='word_1_170' title='bbox 427 1554 608 1590; x_wconf 82' lang='lat' dir='ltr'>numcr03</span> <span class='ocrx_word' id='word_1_171' title='bbox 639 1541 779 1592; x_wconf 91' lang='lat' dir='ltr'>quippe</span> <span class='ocrx_word' id='word_1_172' title='bbox 800 1540 934 1579; x_wconf 86' lang='lat' dir='ltr'>Persis</span> <span class='ocrx_word' id='word_1_173' title='bbox 952 1554 1104 1593; x_wconf 88' lang='lat' dir='ltr'>quoque</span> <span class='ocrx_word' id='word_1_174' title='bbox 1120 1542 1160 1579; x_wconf 88' lang='lat' dir='ltr'>in</span> <span class='ocrx_word' id='word_1_175' title='bbox 1175 1542 1339 1580; x_wconf 89' lang='lat' dir='ltr'>totidem</span> <span class='ocrx_word' id='word_1_176' title='bbox 1359 1541 1440 1579; x_wconf 89' lang='lat' dir='ltr'>dies</span> 
     </span>
     <span class='ocr_line' id='line_1_23' title="bbox 94 1603 1440 1654; baseline 0 -13"><span class='ocrx_word' id='word_1_177' title='bbox 94 1604 311 1654; x_wconf 88' lang='lat' dir='ltr'>descriptus</span> <span class='ocrx_word' id='word_1_178' title='bbox 330 1609 390 1642; x_wconf 88' lang='lat' dir='ltr'>est</span> <span class='ocrx_word' id='word_1_179' title='bbox 409 1617 540 1641; x_wconf 88' lang='lat' dir='ltr'>annus.</span> <span class='ocrx_word' id='word_1_180' title='bbox 601 1603 765 1642; x_wconf 85' lang='lat' dir='ltr'>Currum</span> <span class='ocrx_word' id='word_1_181' title='bbox 785 1603 931 1641; x_wconf 80' lang='lat' dir='ltr'>deinde</span> <span class='ocrx_word' id='word_1_182' title='bbox 947 1603 976 1642; x_wconf 83' lang='lat' dir='ltr'><strong>J</strong></span> <span class='ocrx_word' id='word_1_183' title='bbox 979 1604 1042 1642; x_wconf 85' lang='lat' dir='ltr'>ovi</span> <span class='ocrx_word' id='word_1_184' title='bbox 1060 1610 1250 1642; x_wconf 83' lang='lat' dir='ltr'>sacratum</span> <span class='ocrx_word' id='word_1_185' title='bbox 1270 1605 1440 1643; x_wconf 82' lang='lat' dir='ltr'>albentes</span> 
     </span>
     <span class='ocr_line' id='line_1_24' title="bbox 92 1665 1440 1718; baseline -0.001 -14"><span class='ocrx_word' id='word_1_186' title='bbox 92 1666 282 1704; x_wconf 80' lang='lat' dir='ltr'>vehebant</span> <span class='ocrx_word' id='word_1_187' title='bbox 309 1667 419 1718; x_wconf 83' lang='lat' dir='ltr'>equi3</span> <span class='ocrx_word' id='word_1_188' title='bbox 449 1667 518 1704; x_wconf 86' lang='lat' dir='ltr'>hos</span> <span class='ocrx_word' id='word_1_189' title='bbox 547 1666 699 1704; x_wconf 69' lang='lat' dir='ltr'>eximite</span> <span class='ocrx_word' id='word_1_190' title='bbox 727 1665 1005 1717; x_wconf 88' lang='lat' dir='ltr'>magnitudinis</span> <span class='ocrx_word' id='word_1_191' title='bbox 1034 1679 1166 1717; x_wconf 83' lang='lat' dir='ltr'>equus,</span> <span class='ocrx_word' id='word_1_192' title='bbox 1195 1680 1308 1718; x_wconf 88' lang='lat' dir='ltr'>quem</span> <span class='ocrx_word' id='word_1_193' title='bbox 1338 1667 1440 1706; x_wconf 89' lang='lat' dir='ltr'>Solis</span> 
     </span>
     <span class='ocr_line' id='line_1_25' title="bbox 95 1729 1424 1781; baseline 0.002 -15"><span class='ocrx_word' id='word_1_194' title='bbox 95 1729 353 1780; x_wconf 84' lang='lat' dir='ltr'>appellabant,</span> <span class='ocrx_word' id='word_1_195' title='bbox 375 1729 618 1781; x_wconf 86' lang='lat' dir='ltr'>sequebatur.</span> <span class='ocrx_word' id='word_1_196' title='bbox 677 1730 821 1768; x_wconf 83' lang='lat' dir='ltr'>Aureae</span> <span class='ocrx_word' id='word_1_197' title='bbox 847 1730 967 1780; x_wconf 84' lang='lat' dir='ltr'>virgae</span> <span class='ocrx_word' id='word_1_198' title='bbox 996 1735 1036 1768; x_wconf 87' lang='lat' dir='ltr'>et</span> <span class='ocrx_word' id='word_1_199' title='bbox 1063 1730 1160 1768; x_wconf 85' lang='lat' dir='ltr'>albae</span> <span class='ocrx_word' id='word_1_200' title='bbox 1182 1736 1321 1779; x_wconf 86' lang='lat' dir='ltr'>vestes,</span> <span class='ocrx_word' id='word_1_201' title='bbox 1343 1732 1368 1749; x_wconf 75' lang='lat'>¹⁴</span> <span class='ocrx_word' id='word_1_202' title='bbox 1382 1745 1424 1769; x_wconf 89' lang='lat' dir='ltr'>re</span> 
     </span>
     <span class='ocr_line' id='line_1_26' title="bbox 91 1792 1439 1844; baseline 0.001 -14"><span class='ocrx_word' id='word_1_203' title='bbox 91 1797 225 1843; x_wconf 85' lang='lat' dir='ltr'>gentes</span> <span class='ocrx_word' id='word_1_204' title='bbox 245 1805 363 1844; x_wconf 87' lang='lat' dir='ltr'>equos</span> <span class='ocrx_word' id='word_1_205' title='bbox 383 1793 631 1830; x_wconf 85' lang='lat' dir='ltr'>adornabant.</span> <span class='ocrx_word' id='word_1_206' title='bbox 691 1792 809 1830; x_wconf 89' lang='lat' dir='ltr'>Haud</span> <span class='ocrx_word' id='word_1_207' title='bbox 828 1793 960 1843; x_wconf 88' lang='lat' dir='ltr'>procul</span> <span class='ocrx_word' id='word_1_208' title='bbox 980 1798 1089 1831; x_wconf 88' lang='lat' dir='ltr'>erant</span> <span class='ocrx_word' id='word_1_209' title='bbox 1102 1793 1278 1831; x_wconf 86' lang='lat' dir='ltr'>vehicula</span> <span class='ocrx_word' id='word_1_210' title='bbox 1297 1793 1439 1842; x_wconf 89' lang='lat' dir='ltr'>decem,</span> 
     </span>
     <span class='ocr_line' id='line_1_27' title="bbox 91 1855 1440 1907; baseline 0.001 -13"><span class='ocrx_word' id='word_1_211' title='bbox 91 1856 215 1895; x_wconf 90' lang='lat' dir='ltr'>multo</span> <span class='ocrx_word' id='word_1_212' title='bbox 249 1869 342 1895; x_wconf 87' lang='lat' dir='ltr'>auro</span> <span class='ocrx_word' id='word_1_213' title='bbox 374 1862 608 1907; x_wconf 87' lang='lat' dir='ltr'>argentoque</span> <span class='ocrx_word' id='word_1_214' title='bbox 644 1856 789 1894; x_wconf 81' lang='lat' dir='ltr'>caelata.</span> <span class='ocrx_word' id='word_1_215' title='bbox 856 1855 1098 1907; x_wconf 85' lang='lat' dir='ltr'>Sequebatur</span> <span class='ocrx_word' id='word_1_216' title='bbox 1129 1856 1211 1895; x_wconf 90' lang='lat' dir='ltr'>haec</span> <span class='ocrx_word' id='word_1_217' title='bbox 1245 1857 1440 1907; x_wconf 86' lang='lat' dir='ltr'>equitatus</span> 
     </span>
     <span class='ocr_line' id='line_1_28' title="bbox 93 1919 1440 1971; baseline 0 -15"><span class='ocrx_word' id='word_1_218' title='bbox 93 1919 293 1957; x_wconf 87' lang='lat' dir='ltr'>duodecim</span> <span class='ocrx_word' id='word_1_219' title='bbox 320 1920 508 1971; x_wconf 86' lang='lat' dir='ltr'>gentium,</span> <span class='ocrx_word' id='word_1_220' title='bbox 527 1919 645 1956; x_wconf 72' lang='lat' dir='ltr'>variis</span> <span class='ocrx_word' id='word_1_221' title='bbox 674 1919 790 1956; x_wconf 88' lang='lat' dir='ltr'>armis</span> <span class='ocrx_word' id='word_1_222' title='bbox 810 1923 850 1956; x_wconf 90' lang='lat' dir='ltr'>et</span> <span class='ocrx_word' id='word_1_223' title='bbox 876 1919 1057 1957; x_wconf 89' lang='lat' dir='ltr'>moribus.</span> <span class='ocrx_word' id='word_1_224' title='bbox 1116 1919 1293 1957; x_wconf 84' lang='lat' dir='ltr'>Proximi</span> <span class='ocrx_word' id='word_1_225' title='bbox 1321 1919 1440 1969; x_wconf 87' lang='lat' dir='ltr'>ibant⁷</span> 
     </span>
     <span class='ocr_line' id='line_1_29' title="bbox 92 1976 1439 2034; baseline 0.001 -15"><span class='ocrx_word' id='word_1_226' title='bbox 92 1995 188 2034; x_wconf 90' lang='lat' dir='ltr'>quos</span> <span class='ocrx_word' id='word_1_227' title='bbox 220 1982 354 2020; x_wconf 84' lang='lat' dir='ltr'>Persae</span> <span class='ocrx_word' id='word_1_228' title='bbox 385 1982 671 2020; x_wconf 66' lang='lat' dir='ltr'>“immortales</span> <span class='ocrx_word' id='word_1_229' title='bbox 701 1987 852 2030; x_wconf 85' lang='lat' dir='ltr'>vocant,</span> <span class='ocrx_word' id='word_1_230' title='bbox 883 1981 934 2020; x_wconf 90' lang='lat' dir='ltr'>ad</span> <span class='ocrx_word' id='word_1_231' title='bbox 967 1976 1099 2020; x_wconf 83' lang='lat' dir='ltr'>decem</span> <span class='ocrx_word' id='word_1_232' title='bbox 1130 1982 1273 2032; x_wconf 78' lang='lat' dir='ltr'>millia3</span> <span class='ocrx_word' id='word_1_233' title='bbox 1313 1983 1439 2021; x_wconf 78' lang='lat' dir='ltr'>cultus</span> 
     </span>
     <span class='ocr_line' id='line_1_30' title="bbox 93 2045 1440 2096; baseline 0.001 -13"><span class='ocrx_word' id='word_1_234' title='bbox 93 2045 302 2096; x_wconf 70' lang='lat' dir='ltr'>opulentiae</span> <span class='ocrx_word' id='word_1_235' title='bbox 327 2045 502 2084; x_wconf 83' lang='lat' dir='ltr'>barbarae</span> <span class='ocrx_word' id='word_1_236' title='bbox 529 2058 605 2084; x_wconf 92' lang='lat' dir='ltr'>non</span> <span class='ocrx_word' id='word_1_237' title='bbox 633 2045 730 2083; x_wconf 86' lang='lat' dir='ltr'>alios</span> <span class='ocrx_word' id='word_1_238' title='bbox 762 2046 885 2096; x_wconf 86' lang='lat' dir='ltr'>magis</span> <span class='ocrx_word' id='word_1_239' title='bbox 912 2045 1149 2084; x_wconf 90' lang='lat' dir='ltr'>honestabat.</span> <span class='ocrx_word' id='word_1_240' title='bbox 1207 2045 1275 2084; x_wconf 91' lang='lat' dir='ltr'>Illi</span> <span class='ocrx_word' id='word_1_241' title='bbox 1304 2060 1440 2084; x_wconf 85' lang='lat' dir='ltr'>aureos</span> 
     </span>
     <span class='ocr_line' id='line_1_31' title="bbox 95 2109 1440 2161; baseline 0.001 -15"><span class='ocrx_word' id='word_1_242' title='bbox 95 2114 263 2160; x_wconf 86' lang='lat' dir='ltr'>torques,</span> <span class='ocrx_word' id='word_1_243' title='bbox 284 2109 344 2146; x_wconf 89' lang='lat' dir='ltr'>illi</span> <span class='ocrx_word' id='word_1_244' title='bbox 362 2114 510 2147; x_wconf 86' lang='lat' dir='ltr'>vestem</span> <span class='ocrx_word' id='word_1_245' title='bbox 530 2121 623 2147; x_wconf 89' lang='lat' dir='ltr'>auro</span> <span class='ocrx_word' id='word_1_246' title='bbox 643 2109 863 2147; x_wconf 85' lang='lat' dir='ltr'>distinctam</span> <span class='ocrx_word' id='word_1_247' title='bbox 893 2109 1096 2157; x_wconf 87' lang='lat' dir='ltr'>habebant,</span> <span class='ocrx_word' id='word_1_248' title='bbox 1118 2109 1440 2161; x_wconf 76' lang='lat' dir='ltr'>¹⁶manicatasquc</span> 
     </span>
     <span class='ocr_line' id='line_1_32' title="bbox 94 2171 1440 2223; baseline 0.001 -16"><span class='ocrx_word' id='word_1_249' title='bbox 94 2171 254 2220; x_wconf 84' lang='lat' dir='ltr'>tunicas,</span> <span class='ocrx_word' id='word_1_250' title='bbox 288 2171 449 2222; x_wconf 85' lang='lat' dir='ltr'>gemmis</span> <span class='ocrx_word' id='word_1_251' title='bbox 481 2171 597 2210; x_wconf 89' lang='lat' dir='ltr'>etiam</span> <span class='ocrx_word' id='word_1_252' title='bbox 629 2171 846 2209; x_wconf 83' lang='lat' dir='ltr'>adornatas.</span> <span class='ocrx_word' id='word_1_253' title='bbox 904 2171 1060 2222; x_wconf 81' lang='lat' dir='ltr'>Exiguo</span> <span class='ocrx_word' id='word_1_254' title='bbox 1095 2172 1311 2220; x_wconf 88' lang='lat' dir='ltr'>intervallo,</span> <span class='ocrx_word' id='word_1_255' title='bbox 1345 2186 1440 2223; x_wconf 87' lang='lat' dir='ltr'>quos</span> 
     </span>
     <span class='ocr_line' id='line_1_33' title="bbox 96 2234 1437 2286; baseline 0.001 -16"><span class='ocrx_word' id='word_1_256' title='bbox 96 2238 278 2284; x_wconf 81' lang='lat' dir='ltr'>cognatos</span> <span class='ocrx_word' id='word_1_257' title='bbox 297 2234 421 2285; x_wconf 85' lang='lat' dir='ltr'>Regis</span> <span class='ocrx_word' id='word_1_258' title='bbox 449 2234 657 2285; x_wconf 85' lang='lat' dir='ltr'>appellant,</span> <span class='ocrx_word' id='word_1_259' title='bbox 676 2234 809 2272; x_wconf 86' lang='lat' dir='ltr'>decem</span> <span class='ocrx_word' id='word_1_260' title='bbox 827 2239 865 2272; x_wconf 87' lang='lat' dir='ltr'>et</span> <span class='ocrx_word' id='word_1_261' title='bbox 882 2234 1053 2286; x_wconf 88' lang='lat' dir='ltr'>quinque</span> <span class='ocrx_word' id='word_1_262' title='bbox 1080 2235 1205 2272; x_wconf 87' lang='lat' dir='ltr'>millia</span> <span class='ocrx_word' id='word_1_263' title='bbox 1232 2234 1437 2273; x_wconf 88' lang='lat' dir='ltr'>hominum.</span> 
     </span>
     <span class='ocr_line' id='line_1_34' title="bbox 96 2296 1439 2348; baseline 0 -16"><span class='ocrx_word' id='word_1_264' title='bbox 96 2296 194 2333; x_wconf 83' lang='lat' dir='ltr'>Haec</span> <span class='ocrx_word' id='word_1_265' title='bbox 213 2297 304 2335; x_wconf 68' lang='lat' dir='ltr'>vere&gt;</span> <span class='ocrx_word' id='word_1_266' title='bbox 331 2297 445 2335; x_wconf 88' lang='lat' dir='ltr'>turba</span> <span class='ocrx_word' id='word_1_267' title='bbox 471 2297 713 2336; x_wconf 88' lang='lat' dir='ltr'>muliebriter</span> <span class='ocrx_word' id='word_1_268' title='bbox 739 2297 1017 2348; x_wconf 88' lang='lat' dir='ltr'>propemodum</span> <span class='ocrx_word' id='word_1_269' title='bbox 1044 2297 1162 2346; x_wconf 85' lang='lat' dir='ltr'>culta,</span> <span class='ocrx_word' id='word_1_270' title='bbox 1183 2297 1278 2336; x_wconf 80' lang='lat' dir='ltr'>luxu</span> <span class='ocrx_word' id='word_1_271' title='bbox 1306 2297 1439 2347; x_wconf 85' lang='lat' dir='ltr'>magis,</span> 
     </span>
     <span class='ocr_line' id='line_1_35' title="bbox 93 2359 1441 2412; baseline -0.001 -16"><span class='ocrx_word' id='word_1_272' title='bbox 93 2359 210 2410; x_wconf 67' lang='lat' dir='ltr'>quam</span> <span class='ocrx_word' id='word_1_273' title='bbox 230 2359 378 2397; x_wconf 77' lang='lat' dir='ltr'>decoris</span> <span class='ocrx_word' id='word_1_274' title='bbox 397 2361 515 2398; x_wconf 88' lang='lat' dir='ltr'>armis</span> <span class='ocrx_word' id='word_1_275' title='bbox 535 2361 745 2412; x_wconf 84' lang='lat' dir='ltr'>conspicua</span> <span class='ocrx_word' id='word_1_276' title='bbox 763 2366 856 2400; x_wconf 87' lang='lat' dir='ltr'>erat.</span> <span class='ocrx_word' id='word_1_277' title='bbox 917 2362 943 2379; x_wconf 89' lang='lat'>²⁷</span> <span class='ocrx_word' id='word_1_278' title='bbox 957 2361 1188 2411; x_wconf 76' lang='lat' dir='ltr'>Doryphori</span> <span class='ocrx_word' id='word_1_279' title='bbox 1207 2360 1441 2399; x_wconf 76' lang='lat' dir='ltr'>vocabantur</span> 
     </span>
     <span class='ocr_line' id='line_1_36' title="bbox 95 2422 1438 2475; baseline -0.001 -15"><span class='ocrx_word' id='word_1_280' title='bbox 95 2423 311 2473; x_wconf 82' lang='lat' dir='ltr'>proximum</span> <span class='ocrx_word' id='word_1_281' title='bbox 344 2423 407 2460; x_wconf 81' lang='lat' dir='ltr'>his</span> <span class='ocrx_word' id='word_1_282' title='bbox 439 2437 586 2474; x_wconf 84' lang='lat' dir='ltr'>agmen,</span> <span class='ocrx_word' id='word_1_283' title='bbox 622 2425 906 2471; x_wconf 18' lang='lat' dir='ltr'>solitiffivestem</span> <span class='ocrx_word' id='word_1_284' title='bbox 940 2425 1116 2475; x_wconf 82' lang='lat' dir='ltr'>excipere</span> <span class='ocrx_word' id='word_1_285' title='bbox 1149 2423 1324 2474; x_wconf 82' lang='lat' dir='ltr'>regalem.</span> <span class='ocrx_word' id='word_1_286' title='bbox 1384 2422 1438 2459; x_wconf 84' lang='lat' dir='ltr'>Hi</span> 
     </span>
     <span class='ocr_line' id='line_1_37' title="bbox 95 2485 1436 2538; baseline -0.001 -16"><span class='ocrx_word' id='word_1_287' title='bbox 95 2499 247 2524; x_wconf 90' lang='lat' dir='ltr'>currum</span> <span class='ocrx_word' id='word_1_288' title='bbox 268 2485 389 2537; x_wconf 82' lang='lat' dir='ltr'>Regis</span> <span class='ocrx_word' id='word_1_289' title='bbox 406 2487 617 2534; x_wconf 87' lang='lat' dir='ltr'>anteibant,</span> <span class='ocrx_word' id='word_1_290' title='bbox 634 2501 709 2538; x_wconf 85' lang='lat' dir='ltr'>quo</span> <span class='ocrx_word' id='word_1_291' title='bbox 725 2488 805 2537; x_wconf 91' lang='lat' dir='ltr'>ipse</span> <span class='ocrx_word' id='word_1_292' title='bbox 825 2488 992 2525; x_wconf 89' lang='lat' dir='ltr'>eminens</span> <span class='ocrx_word' id='word_1_293' title='bbox 1008 2487 1226 2525; x_wconf 78' lang='lat' dir='ltr'>vehebatur.</span> <span class='ocrx_word' id='word_1_294' title='bbox 1286 2485 1436 2524; x_wconf 81' lang='lat' dir='ltr'>Utrum·</span> 
     </span>
    </p>
   </div>
  </div>
 </body>
</html>
