1583 2680
162 127 211 163 58
629 136 810 168 QUINTI
850 135 1031 160 cun'rn

162 228 300 266 vadum
345 228 534 267 militibus
578 242 702 276 mann,
735 227 884 278 quando
916 239 993 265 vox
1028 227 1197 265 exaudiri
1230 241 1306 267 non
1341 232 1500 279 poterat,

161 291 350 330 ostendit:
380 292 446 330 sed
474 290 635 342 gradum
664 291 810 328 firmare
829 289 895 328 vix
913 294 1098 340 poterant,
1118 291 1206 327 cum
1224 291 1378 329 ²⁵modo
1409 304 1502 330 saxa

161 353 305 393 lubrica
335 354 536 405 vestigium
565 353 752 401 fallerent,
783 353 896 390 modo
933 352 1102 403 rapidior
1130 353 1232 391 unda
1263 354 1498 393 subduceret.

161 417 382 467 Praeoipuus
413 421 493 454 erat
525 415 631 455 labor
661 428 801 464 eorum,
833 415 898 466 qui
929 415 1097 454 humeris
1129 429 1243 454 onera
1274 417 1498 467 portabant;

160 480 299 530 quippe
319 483 403 517 cnm
421 479 640 529 semetipsos
659 490 788 529 regere
806 490 883 516 non
909 483 1071 528 possent,
1091 479 1130 516 in
1157 479 1308 530 rapidos
1327 479 1501 531 gurgites

161 543 395 581 incommodo
414 555 525 581 onere
554 541 832 579 auferebantur.
889 541 944 579 Et
975 541 1068 579 dum
1098 555 1166 580 sua
1193 543 1353 594 quisque
1382 542 1502 593 spolia

161 606 339 657 consequi
374 607 400 624 2⁰
414 605 554 654 studet,
591 606 715 654 major
746 604 846 642 inter
878 604 989 655 ipsos,
1023 607 1137 657 quam
1165 619 1249 643 cum
1278 619 1386 644 amne
1419 610 1504 644 orta

161 667 318 706 luctatio
337 673 417 719 est;
448 668 658 718 cumulique
677 667 912 706 sarcinarum
935 670 1077 718 passim
1094 669 1288 707 fluitantes
1307 668 1502 719 plerosque

160 732 408 781 perculerant.
465 732 552 770 Rex
570 732 594 749 ²⁷
605 743 768 780 monere,
787 735 833 769 ut
862 731 954 770 satis
978 731 1163 770 haberent
1182 745 1287 770 arma
1312 732 1500 781 retinere;

161 800 298 833 eaetera
316 808 355 833 se
374 794 624 833 redditurum.
683 794 761 833 Sed
789 807 909 846 neque
928 795 1137 844 consilium,
1155 808 1276 846 neque
1303 795 1504 845 imperium

160 858 278 908 accipi
306 863 466 908 poterat.
527 858 784 909 Obstrepebat
812 858 901 895 hine
929 862 1073 908 metus3
1102 862 1244 909 praeter
1273 858 1382 906 hune,
1411 858 1504 895 25111-

159 920 278 958 vieem
295 921 513 958 nutantium
529 925 684 959 mutuus
704 921 856 959 clamor.
926 920 1108 970 Tandem,
1127 924 1202 972 qua
1221 921 1362 959 leniore
1381 925 1505 958 tractu

159 984 280 1021 amnis
309 985 431 1034 aperit
458 984 609 1032 vadum,
629 989 836 1022 emersere:
865 996 934 1021 nec
963 984 1169 1035 quidquam
1197 989 1339 1034 praeter
1366 997 1504 1034 paucas

159 1047 325 1085 sarcinas
344 1047 601 1084 desideratum
619 1051 688 1084 est.

239 1113 299 1148 38.
329 1110 460 1148 Deleri
489 1109 618 1160 potuit
654 1109 926 1158 exercitus,·si
955 1109 1040 1160 quis
1071 1122 1186 1147 ausus
1217 1115 1316 1148 essct
1345 1110 1503 1148 vincere.

160 1173 238 1213 Sed
266 1178 449 1223 perpetua
478 1173 631 1210 fortuna
650 1172 770 1223 Regis
799 1172 938 1210 avertit
966 1172 1056 1210 inde
1076 1172 1232 1211 hostem.
1291 1173 1353 1212 Sic
1373 1173 1505 1212 Grani-

159 1250 254 1285 cum,
274 1240 332 1274 tot
363 1236 533 1274 millibus
563 1235 734 1286 equitum
761 1236 1006 1287 peditumque
1037 1235 1077 1273 in
1103 1235 1284 1274 ulteriore
1316 1237 1505 1275 stantibus

157 1301 255 1350 ripn,
292 1299 547 1350 ²⁰superavit3
589 1299 642 1337 sic
679 1299 852 1350 angustis
889 1299 929 1336 in
969 1299 1117 1338 Giliciae
1154 1299 1328 1349 callibus,
1357 1305 1504 1338 tantam

158 1363 443 1401 multitudinem
462 1363 640 1401 hostium.
680 1363 706 1381 ³⁰
719 1363 906 1401 Audaciae
919 1376 1077 1414 quoque,
1096 1366 1172 1414 qua
1185 1363 1350 1401 maxime
1370 1363 1504 1415 viguit,

159 1427 259 1465 ratio
291 1426 410 1464 minui
447 1430 595 1477 potest:
637 1426 728 1478 quia
757 1427 951 1477 nunquam
987 1427 1027 1464 in
1064 1426 1270 1464 discrimen
1301 1426 1419 1476 venit,
1459 1440 1506 1464 an

159 1490 301 1528 temere
331 1490 492 1529 fecisset.
550 1489 728 1538 Mazaeus,
747 1489 813 1540 qui
834 1489 866 1527 si
896 1489 1182 1528 transeuntibus
1210 1491 1349 1528 flumen
1380 1503 1505 1541 super-

160 1554 334 1601 venisset,
367 1553 468 1590 haud
498 1552 610 1590 dubie
642 1565 893 1603 oppressurus
921 1552 999 1590 fuit
1035 1552 1317 1603 incompositos,
1348 1554 1389 1591 in
1423 1553 1507 1604 ripa

162 1617 327 1665 demum,
347 1622 385 1654 ct
401 1618 481 1667 jam
499 1620 732 1666 perarmatos
751 1615 970 1667 adequitare
989 1616 1112 1667 eoepit.
1169 1615 1279 1654 Mille
1297 1616 1506 1655 admodum

160 1680 306 1731 equites
337 1680 584 1730 praemiserat,
617 1692 777 1730 quorum
811 1679 1005 1729 paucitate
1038 1679 1259 1718 Alexander
1295 1680 1504 1730 explorata,

161 1744 299 1781 deinde*¹
321 1746 549 1793 contempta,
569 1743 786 1793 praefectum
805 1743 991 1781 Paeonum
1014 1743 1182 1793 equitum
1202 1743 1387 1781 Aristona
1404 1743 1505 1780 laxa-

161 1807 400 1845 tis'habenis
432 1806 559 1844 invehi
585 1806 713 1856 jussit.
771 1805 940 1856 Insignis
960 1819 1002 1843 eo
1022 1805 1083 1843 die
1111 1819 1237 1856 pugna
1265 1806 1507 1857 equitun1,et

161 1871 348 1921 praecipue
387 1869 593 1917 Aristonis,
630 1869 715 1906 fuit.
790 1869 1021 1907 Praefectum
1063 1869 1258 1920 equitatus
1302 1870 1506 1909 Persarum

167 1935 416 1984 Satmpatcin,
437 1933 583 1970 directa
603 1932 641 1969 in
659 1936 814 1983 gutture
842 1932 965 1980 hasta,
986 1932 1196 1981 transfixit3
1225 1933 1506 1985 fugientemque

162 2011 229 2047 per
248 1998 390 2035 medios
420 1997 550 2034 hostes
579 2000 810 2044 consecutus,
831 2009 877 2033 ex
905 2009 1000 2046 equo
1026 1995 1290 2046 piweipitavit,
1311 2001 1350 2034 et
1381 1997 1506 2036 obluc-

165 2061 261 2097 tanti
281 2066 391 2110 caput
408 2060 536 2111 gladio
565 2059 747 2109 dempsit:
777 2060 798 2076 “¹
815 2058 914 2109 quod
942 2058 1106 2096 relatum
1135 2063 1272 2111 inagna
1293 2073 1376 2098 eum
1395 2060 1506 2099 laude

164 2129 250 2161 ante
271 2124 392 2173 Regis
412 2124 526 2173 pedes
546 2123 682 2173 posuit.

243 2187 292 2225 X.
325 2190 384 2225 30.
415 2187 542 2224 Biduo
571 2186 626 2224 ibi
653 2186 740 2224 Rex
770 2185 908 2223 stativa
935 2185 1077 2224 habuit.
1137 2186 1183 2223 In
1203 2187 1417 2237 proximum
1445 2187 1506 2226 de-

163 2251 252 2288 inde
286 2251 360 2287 iter
391 2249 628 2300 pronunciari
654 2249 779 2299 jussit.
838 2249 912 2286 Sed
945 2249 1066 2298 primii
1099 2250 1175 2286 sore
1210 2250 1356 2302 vigilia,
1395 2251 1504 2289 Luna

167 2317 174 2333 ¹
192 2314 365 2352 11111111101151
384 2314 552 2364 prinn'nn
582 2313 745 2351 nitorem
777 2313 911 2350 sideris
932 2313 989 2349 sui
1008 2314 1019 2330 ‘⁴'
1035 2313 1228 2352 condidit:
1258 2314 1395 2352 deinde
1425 2327 1504 2352 san-

163 2378 288 2429 guinis
307 2378 427 2415 colore
458 2378 613 2421 suffuso,
634 2377 759 2414 lumen
779 2390 886 2413 mnne
915 2377 1095 2414 smum-it:
1129 2378 1138 2394 ³
1155 2377 1404 2428 sollicitisque
1432 2378 1503 2415 sub

166 2443 285 2493 ipsun!
308 2441 402 2479 tanti
425 2441 653 2479 discriminis
683 2455 809 2478 casum
833 2441 962 2492 ingens
992 2441 1136 2491 religio,
1157 2446 1191 2477 el
1214 2455 1259 2479 ex
1278 2444 1320 2479 exi
1343 2441 1502 2479 formido
