1583 2680
527 157 686 182 mnmz
721 156 765 181 v.
804 154 911 181 CAP.
950 155 979 179 1.
1380 142 1429 179 79

80 249 220 289 abiere.
276 248 366 287 Rex
383 249 685 287 extraordinario
702 247 868 300 periculo
882 247 1096 295 defunctus,
1114 244 1323 283 incolumes
1343 258 1430 283 suos

83 311 238 350 reduxit
256 311 306 349 ad
324 317 459 350 castra.

76 379 98 393 ⁸
161 378 222 413 63.
254 373 439 423 Cecidere
469 374 686 423 Persarum,
719 386 882 425 quorum
907 384 1108 410 numerum
1134 371 1298 409 victores
1324 370 1431 408 finire

81 442 297 488 potuerunt,
316 437 440 475 millia
458 450 520 475 XL.
563 437 815 475 Macedonum
840 435 972 474 mimis
989 447 1102 486 quam
1122 446 1192 472 ccc
1224 433 1431 471 desiderati

81 506 181 540 sunt.
239 499 435 540 Caeterum
464 501 560 538 hanc
578 500 780 538 victoriam
811 499 900 538 Rex
925 499 1068 549 majore
1087 510 1135 535 ex
1152 502 1261 547 parte
1279 496 1429 545 virtuti,

80 566 197 615 quam
233 564 400 602 fortunae
437 577 516 602 suae
552 564 705 613 debuit3
753 563 933 611 ²²animo,
970 574 1049 600 non
1083 560 1145 611 (ut
1181 561 1309 611 antea)
1348 560 1431 598 loco

81 627 186 664 vicit.
243 625 346 664 Nam
375 631 414 664 et
446 627 564 664 aciem
594 625 824 676 peritissime
855 624 1052 673 instruxit,
1081 628 1120 662 et
1147 623 1429 674 promptissime

84 689 164 739 ipse
189 689 385 741 pugnavit,
405 694 444 727 et
462 689 487 706 ²³
498 702 634 740 magno
653 688 810 727 consilio
836 689 1030 738 jacturam
1062 686 1296 726 sarcinarum
1315 685 1431 737 impc-

82 751 409 804 dimentorumque
445 752 686 802 contempsit,
724 754 814 789 cnm
849 751 889 789 in
925 751 1013 802 ipsa
1050 751 1130 788 acie
1158 762 1347 788 summum
1373 749 1429 787 rei

80 813 229 852 videret
258 827 340 852 esse
372 815 599 854 discrimen:
643 815 833 866 dubioque
865 814 988 852 adhuc
1019 826 1158 865 pugnae
1185 817 1335 861 eventu,
1363 825 1431 862 pro

81 877 226 915 victore
256 890 296 915 se
323 878 454 929 gessit.
511 877 714 916 Perculsos
742 876 880 915 deinde
908 876 1039 914 hostes
1065 875 1192 914 fudit:
1227 875 1431 926 fugientes,

81 939 219 991 ²⁴quod
237 940 277 978 in
295 940 362 978 illo
381 941 514 978 ardore
545 941 662 978 animi
679 941 746 978 vix
776 940 882 978 credi
909 944 1048 990 potest,
1067 938 1290 990 prudentius
1317 940 1431 990 quam

81 1002 229 1041 avidius
265 1008 491 1052 persecutus
527 1008 592 1041 est.
664 1002 766 1040 Nam
801 1003 834 1041 si
866 1007 976 1052 parte
1014 1002 1208 1040 exercitus
1243 1001 1365 1039 adhuc
1391 1002 1432 1039 in

80 1065 160 1103 acie
193 1070 337 1114 stante,
362 1066 504 1104 instare
533 1066 754 1104 cedentibus
782 1068 1079 1116 perseverasset,
1112 1070 1179 1103 aut
1214 1067 1285 1103 sua
1317 1064 1432 1116 culp&¹

81 1127 205 1166 victus
238 1134 351 1177 esset,
372 1134 440 1167 aut
467 1129 593 1167 aliena
610 1129 758 1168 virtute
776 1128 943 1167 vicisset.
1000 1128 1026 1145 ²⁵
1041 1128 1070 1166 J
1073 1141 1134 1165 am
1153 1128 1187 1165 si
1216 1128 1432 1166 multitudi-

80 1203 166 1229 nem
208 1192 377 1243 equitum
419 1193 700 1230 occurrentium
743 1191 994 1240 extimuisset,
1042 1190 1181 1229 victori
1225 1195 1292 1228 aut
1326 1191 1429 1229 foede

79 1254 318 1305 fugiendum,
356 1260 423 1293 aut
458 1256 728 1295 miserabiliter
773 1254 985 1293 cadendum
1021 1255 1106 1292 fuit.
1181 1254 1256 1292 ²⁰N
1260 1267 1280 1292 e
1318 1254 1433 1292 duces

80 1317 238 1368 quidem
257 1318 453 1369 copiarum
482 1323 552 1357 sua
581 1319 695 1357 laude
712 1318 918 1357 fraudandi
950 1322 1048 1356 sunt.
1107 1316 1258 1368 Quippe
1275 1317 1434 1356 vulnera

81 1395 167 1432 quae
201 1381 359 1434 quisque
395 1383 558 1434 excepit,
595 1383 740 1422 indicia
774 1382 932 1422 virtutis
969 1386 1067 1420 sunt.
1142 1381 1431 1432 Hephaestionis

80 1444 278 1483 brachium
304 1445 417 1484 hasta
436 1446 556 1485 ictum
585 1452 655 1486 est.
711 1446 919 1484 Perdiccas
949 1457 992 1483 ac
1014 1444 1165 1494 Coenus,
1185 1450 1224 1483 et
1243 1444 1431 1493 Menidas,

82 1507 234 1558 sagittis
263 1510 381 1559 prope
402 1510 526 1548 occisi.
583 1510 650 1558 Et,
670 1509 703 1547 si
729 1510 818 1547 vere
847 1508 1037 1547 aestimare
1070 1508 1308 1557 Macedonas,
1328 1507 1432 1559 ²⁷qui

82 1575 174 1607 tunc
193 1575 311 1618 erant,
330 1571 516 1621 volumuS,
543 1573 760 1620 fatebimur,
790 1577 829 1609 et
848 1571 994 1623 Regem
1012 1570 1153 1610 talibus
1172 1571 1371 1618 ministris,
1392 1577 1430 1608 ct

82 1632 171 1670 illos
189 1637 294 1672 tanto
314 1634 422 1686 Rege
440 1635 558 1673 fuisse
578 1634 833 1686 dignissimos.

581 1840 929 1858 ῥᾴον’-

600 2014 817 2053 LIBER
854 2014 911 2053 V.

636 2140 869 2162 ABGCfflTL'M.

133 2231 155 2256 1.
176 2229 259 2255 Dan‘o
279 2228 380 2254 1106}ae
401 2227 469 2253 finoe
485 2227 617 2259 ingresso,
629 2225 740 2251 Athens
756 2225 863 2258 potitur
875 2223 1041 2255 Alexander,
1055 2225 1083 2249 ct
1094 2222 1244 2255 Babylone,
1255 2223 1335 2255 cujus
1351 2222 1429 2252 situs,

84 2273 246 2306 nuiplimdo.
259 2275 288 2297 et
299 2271 421 2303 corrupti
434 2277 525 2295 mores
535 2269 737 2295 describuntur.

133 2318 156 2342 ‘L
176 2315 312 2341 Militibus
323 2314 439 2347 praemia
455 2313 589 2346 proponit,
600 2315 634 2338 nt
645 2313 679 2338 iis
695 2313 786 2337 otium
806 2313 956 2337 excuteret.
991 2310 1136 2336 Susianam
1157 2308 1263 2338 urbem.
1276 2315 1306 2333 ac
1320 2308 1428 2339 Regum

85 2359 186 2386 Persioe
198 2360 339 2393 thesauros
350 2357 454 2389 recipit,
467 2359 496 2382 et
507 2356 694 2389 Sismambim
707 2355 817 2381 solatur.

131 2405 155 2430 8.
183 2403 322 2429 Uxiorum
341 2401 453 2432 regione
472 2400 609 2432 superna,
627 2399 770 2425 Madaoem
793 2398 965 2431 praereetum,
983 2405 1015 2423 ac
1034 2397 1144 2423 deditos
1164 2398 1193 2420 ct
1212 2395 1337 2426 captivos
1367 2396 1428 2418 tum

84 2447 218 2478 ubertate,
231 2449 292 2472 tum
305 2445 483 2471 immunitate
495 2443 595 2469 donat:
614 2442 814 2475 Pers-idemque
831 2443 935 2468 intrare
953 2442 1082 2473 cogitans,
1095 2439 1129 2465 nb
1144 2438 1324 2463 Arir·barzane
1343 2439 1428 2462 retro-

84 2491 180 2518 cedere
192 2491 304 2524 cogitur.
