1583 2680
145 166 211 203 218
597 177 782 208 QUINTI
821 177 1005 202 cunrn

132 268 172 306 in
201 269 320 308 muris
353 269 594 321 turribusque
625 282 664 307 se
702 269 840 307 armati
869 269 1138 308 ostendebant:
1181 268 1476 320 dubitabantque

133 333 373 382 Macedones,
405 333 660 371 deseruissent
688 333 823 371 urbem
854 332 1001 382 incolae,
1031 346 1080 370 an
1106 333 1239 371 fraude
1266 346 1306 371 se
1334 333 1476 371 occule-

131 401 242 435 rent:
273 397 362 434 cum
399 396 527 434 subito
557 396 748 446 patefacta
780 399 906 447 porta,
939 397 1027 434 Rex
1056 396 1177 434 Indus
1213 409 1297 434 cum
1329 396 1477 434 duobus

130 460 273 498 adultis
303 459 392 497 filiis
421 459 595 507 occurrit,
614 459 776 497 multum
808 460 910 498 inter
929 472 1057 497 omnes
1089 459 1283 498 Barbaros
1310 460 1477 497 eminens

130 524 296 573 eorporis
326 523 458 573 speeie.
515 522 650 561 Vestis
682 527 764 561 erat
794 536 887 561 auro
913 525 1154 575 purpuraque
1183 523 1374 571 distincta,
1394 522 1478 574 qum

129 587 243 624 etiam
262 599 372 625 crura
400 587 561 625 velabat.
617 587 760 625 Aureis
789 587 902 625 soleis
931 586 1142 624 inseruerat
1170 599 1346 637 gemmas.
1404 586 1477 624 La-

125 650 226 700 certi
255 663 402 700 quoque
433 655 473 687 et
504 649 661 689 brachia
688 650 905 701 margaritis
925 654 1059 688 ornata
1078 654 1194 687 erant.
1251 648 1477 687 Pendebant

130 725 176 749 ex
195 712 354 751 auribus
373 712 538 763 insignes
557 713 719 751 candore
735 718 774 750 et
791 712 1058 763 magnitudine
1069 711 1204 762 lapilli.
1247 711 1273 756 ᾗ
1287 711 1477 749 Baculum

129 788 283 812 aureum
302 775 442 825 berylli
460 775 754 826 distinguebant.
811 774 894 820 Quo
913 775 1068 823 tradito,
1088 779 1266 824 precatus
1284 778 1330 812 ut
1348 787 1478 824 sospes

127 837 324 887 acciperet,
359 850 410 886 se,
445 837 671 888 liberosque,
704 842 743 875 et
770 842 922 889 gentem
954 851 1061 876 suam
1092 837 1251 876 dedidit.
1317 836 1478 876 Nobiles

128 899 177 936 ad
210 899 422 938 venandum
451 913 562 938 canes
595 901 636 938 in
668 903 715 938 ea
747 900 901 952 regione
931 905 1032 939 sunt.
1089 900 1256 938 Latratu
1288 900 1476 939 abstinere

128 963 320 1012 dicuntur,
341 965 430 1000 esim
447 963 581 1002 videre
599 964 742 1013 feram3
772 963 944 1002 leonibus
961 963 1125 1001 maxime
1145 963 1287 1002 infesti.
1326 963 1477 1002 Horum

126 1027 205 1065 vim
240 1031 284 1064 ut
322 1026 541 1064 ostenderet
576 1027 810 1076 Alexandro,
854 1026 896 1064 in
931 1031 1108 1077 consepto
1145 1026 1289 1065 leonem
1325 1027 1476 1065 eximiae

127 1090 406 1142 magnitudinis
448 1090 566 1140 jussit
610 1090 748 1139 emitti,
785 1095 824 1128 et
860 1095 1022 1142 quatuor
1059 1090 1239 1128 ⁹omnino
1284 1089 1476 1128 admoveri

127 1167 258 1203 canes;
289 1153 356 1205 qui
387 1153 562 1191 celeriter
591 1158 870 1204 occupaverunt
901 1154 1047 1191 feram:
1077 1154 1100 1171 ¹⁰
1114 1159 1197 1190 tum
1233 1166 1281 1191 ex
1316 1153 1377 1202 iis,
1409 1154 1477 1204 qui

127 1221 372 1256 assueverant
403 1217 545 1256 talibus
575 1217 812 1265 ministeriis,
848 1229 958 1265 unuS,
995 1216 1098 1254 canis
1134 1216 1233 1254 leoni
1269 1229 1353 1254 cum
1390 1217 1476 1255 aliis

125 1281 348 1319 inhaerentis
377 1293 462 1318 crus
484 1280 658 1327 avellere,
678 1284 716 1317 et
743 1280 834 1332 quia
860 1292 937 1318 non
970 1279 1212 1331 sequebatur,
1231 1280 1331 1318 ferro
1351 1294 1476 1331 ampu-

126 1349 208 1381 tare
227 1343 364 1394 coepit:
391 1356 439 1381 ne
471 1343 525 1381 sie
554 1343 708 1394 quidem
736 1343 947 1393 pertinacia
966 1343 1081 1391 victa,
1101 1356 1234 1381 rursus
1262 1343 1375 1381 aliam
1394 1357 1476 1394 par-

126 1413 205 1445 tem
243 1419 368 1445 secare
404 1407 569 1445 institit:
611 1411 650 1444 et
681 1406 770 1444 inde
801 1419 878 1445 non
910 1406 1067 1457 segnius
1097 1406 1343 1445 inhaerentem
1371 1407 1475 1445 ferro

125 1471 283 1509 subinde
324 1470 503 1508 caedebat.
575 1469 652 1507 Ille
683 1470 724 1506 in
754 1467 909 1508 'vulnere
941 1470 1032 1508 ferae
1062 1469 1193 1507 dentes
1229 1469 1476 1508 moribundus

124 1547 272 1586 quoque
305 1533 500 1571 infixerat:
544 1537 694 1570 tantam
725 1532 765 1570 in
797 1532 877 1571 illis
908 1532 1137 1571 animalibus
1175 1532 1223 1570 ad
1258 1533 1473 1571 venandum

125 1597 376 1647 cupiditatem
419 1596 663 1648 ingenerasse
707 1600 885 1634 naturam
929 1595 1122 1634 memoriae
1167 1596 1362 1647 proditum
1407 1601 1474 1635 est.

126 1660 315 1712 Equidem
344 1659 455 1710 plura
483 1659 708 1707 transcribo,
739 1661 854 1709 quam
883 1659 1005 1698 eredo.
1064 1658 1168 1697 Nam
1195 1672 1264 1697 nec
1292 1660 1475 1698 affirmare

124 1723 305 1772 sustineo,
326 1723 373 1760 de
403 1722 542 1774 quibus
573 1721 729 1772 dubito3
759 1735 828 1760 nee
855 1722 1066 1761 subducere
1093 1735 1178 1773 quae
1208 1723 1344 1773 accepi.
1401 1722 1474 1761 Re-

124 1788 215 1825 licto
247 1787 406 1838 ¹1igitur
436 1785 594 1836 Sopithe
624 1785 666 1823 in
695 1798 762 1824 suo
781 1798 909 1837 regno,
928 1785 977 1824 ad
1004 1785 1159 1824 fluvium
1187 1785 1366 1836 Hypasin
1392 1798 1473 1836 pro·

124 1851 258 1900 eessit;
304 1849 590 1900 Hephaestione,
619 1849 686 1900 qui
715 1849 903 1887 diversam
933 1849 1124 1899 regionem
1150 1848 1363 1899 subegerat,
1391 1861 1475 1886 eon·

131 1916 272 1963 juncto.
330 1913 521 1965 Phegelas
539 1916 622 1950 erat
647 1912 773 1964 gentis
792 1912 976 1963 proximae
994 1912 1102 1960 Rex;
1132 1911 1196 1962 qui
1225 1911 1476 1962 popularibus

123 1978 202 2015 suis
232 1977 356 2015 colere
375 1989 485 2028 agros
505 1976 564 2026 (ut
593 1977 825 2026 asseverant)
851 1975 981 2025 jussi8‚
1002 1974 1224 2013 Alexandro
1253 1988 1339 2013 cuin
1366 1975 1476 2014 donis

125 2041 302 2089 occurrit,
321 2040 422 2078 nihil
441 2039 542 2092 quod
560 2039 764 2089 imperaret
783 2038 1008 2076 detrectans.

203 2104 259 2142 II.
292 2108 325 2142 5.
347 2103 517 2142 Biduum
546 2102 646 2154 apud
665 2115 750 2140 eum
779 2101 952 2140 substitit
971 2101 1078 2140 Rex:
1108 2101 1220 2139 tertio
1250 2101 1311 2140 die
1330 2115 1475 2140 amnem

123 2180 300 2217 superare
339 2167 571 2214 decreverat,
618 2165 785 2203 transitu
822 2164 1026 2213 difficilem,
1065 2178 1141 2203 non
1186 2164 1310 2215 spatio
1348 2164 1475 2203 solum

123 2243 319 2280 aquarum,
353 2229 420 2267 sed
458 2229 575 2266 etiam
613 2228 716 2266 saxis
755 2228 989 2278 impeditum.
1061 2228 1319 2266 Percontatus
1354 2227 1476 2279 igitur

124 2293 340 2344 Phegelam,
359 2306 443 2343 qum
472 2291 657 2329 noscenda
687 2296 806 2339 crant,
827 2291 1004 2330 undecim
1032 2291 1182 2330 dierum
1214 2291 1320 2330 ultra
1338 2291 1477 2329 flumen

122 2371 188 2408 per
206 2361 333 2394 vastas
352 2355 574 2393 solitudines
594 2355 666 2393 iter
685 2368 766 2392 csse
787 2355 1002 2406 cognoscit:
1024 2354 1198 2404 excipere
1220 2354 1356 2392 deinde
1378 2353 1476 2394 Gan-

122 2434 218 2472 gem,
255 2419 462 2457 maximum
493 2419 613 2456 totius
652 2418 774 2457 Imliae
804 2419 1010 2457 fluminum.
1086 2418 1318 2457 Ulteriorem
1352 2417 1473 2467 ripam

125 2484 247 2522 colere
280 2488 415 2535 gentes
453 2482 693 2534 Gangaridas
735 2488 773 2520 et
812 2481 1052 2530 l‘harrasios,
1090 2494 1291 2533 corumque
1328 2480 1473 2532 Regem
