1583 2680
120 128 170 165 86
584 140 767 172 QUINTI
805 140 990 166 cURTu

121 232 201 270 Ηῑο
219 231 400 270 Abulites
428 245 511 270 cum
541 232 649 272 donis
677 232 817 284 regalis
840 232 1047 283 opulentiae
1074 237 1248 271 occurrit.
1305 233 1462 272 Droma-

121 296 187 333 des
224 295 357 333 cameli
393 295 492 334 inter
529 296 626 334 dona
659 301 779 345 erant,
817 296 1033 335 velocitatis
1062 296 1234 335 eximiae:
1264 296 1462 335 duodecim

121 358 327 409 Elephanti
346 373 368 397 a
386 359 505 397 Dario
524 373 571 397 ex
602 359 718 397 India
737 360 870 410 acciti;
899 373 976 398 non
1003 361 1085 410 jam
1110 364 1234 398 terror
1253 360 1310 410 (ut
1338 373 1463 411 spera-

122 425 270 474 verant)
309 423 568 472 Macedonum,
606 423 674 462 sed
710 424 919 474 auxilium3
961 437 1048 474 opes
1079 423 1175 462 vieti
1207 423 1256 461 ad
1280 423 1463 463 victorem

122 486 370 523 transferente
406 487 572 525 fortuna.
628 487 685 526 Ut
715 488 806 526 vero
835 487 967 526 urbem
1003 487 1174 536 intravit,
1203 486 1464 526 incredibilem

121 562 168 586 ex
196 549 387 587 thesauris
417 562 601 588 summam
635 550 806 601 pecuniae
844 551 996 602 egessit,
1028 551 1305 602 quinquaginta
1340 550 1466 588 millia

119 611 310 649 talentum
346 613 504 664 argenti,
542 614 641 651 ⁷non
686 613 825 665 signati
870 614 1005 662 forma,
1045 614 1111 652 sed
1155 614 1244 651 rudi
1289 613 1463 664 pondere.

121 675 239 713 Multi
270 677 398 727 Reges
430 680 559 714 tantas
589 690 678 727 opes
706 677 823 728 longa
852 682 966 716 aetate
997 678 1282 715 cumulaverant
1317 677 1464 725 liberis,

120 739 366 789 posterisque,
384 744 428 776 ut
456 740 761 789 arbitrabantur3
792 753 886 790 quas
913 754 989 778 una
1006 741 1100 778 hora
1119 741 1158 777 in
1177 740 1325 778 externi
1343 740 1466 791 Regis

120 815 255 839 manus
284 802 426 840 intulit.
485 801 667 840 Consedit
696 803 832 840 deinde
861 804 903 841 in
931 805 1037 855 regia
1070 803 1177 852 sella,
1206 804 1328 841 multo
1348 803 1466 841 excel-

121 864 231 912 siore,
263 866 379 915 quam
408 878 477 915 pro
509 865 643 904 habitu
674 866 850 916 eorporis,
906 866 1045 918 Itaque
1081 868 1172 904 cum
1201 866 1318 917 pedes
1350 867 1468 904 imum

120 927 280 978 gradum
307 941 384 965 non
413 929 686 980 contingerent,
706 943 804 968 unus
825 943 872 968 ex
890 930 1009 982 Regis
1038 931 1166 981 pueris
1193 943 1363 969 mensam
1382 930 1467 968 sub-

122 991 222 1028 didit
250 991 433 1042 pedibus;
464 997 503 1030 et
534 994 624 1030 clim
656 993 872 1044 spadonem,
891 994 957 1045 qui
989 994 1099 1032 Darii
1127 994 1263 1042 fuerat,
1291 993 1466 1045 ingemis-

122 1059 269 1092 centem
299 1055 557 1105 conspexisset
588 1055 688 1105 Rex,
717 1070 868 1094 causam
899 1057 1092 1096 moestitiae
1126 1057 1334 1108 requisivit.
1392 1056 1467 1095 Ille

120 1117 277 1166 indicat,
297 1117 457 1155 Darium
475 1118 578 1156 vesei
608 1119 649 1156 in
677 1122 723 1157 ea
751 1119 932 1158 solitum:
962 1132 1075 1171 seque
1094 1132 1239 1157 sacram
1267 1121 1348 1169 ejus
1367 1133 1467 1157 men-

122 1194 203 1219 sam
234 1181 283 1219 ad
314 1181 525 1220 ludibrium
557 1182 788 1220 recidentem
824 1183 905 1221 sine
945 1182 1123 1234 lacrymis
1150 1183 1366 1234 conspicere
1392 1196 1468 1221 non

122 1257 242 1294 posse.
319 1245 446 1283 Subiit
482 1248 574 1296 ergo
612 1246 759 1297 Regem
794 1246 1019 1285 verecundia
1054 1246 1223 1285 violandi
1258 1247 1467 1297 hospitales

123 1307 235 1346 Deos.
292 1307 455 1360 Jamque
492 1308 651 1347 subduci
684 1309 857 1359 jubebat,
895 1311 985 1347 cum
1021 1310 1224 1349 Philotas:
1268 1311 1465 1348 “Minime¹

123 1372 212 1409 vero
232 1371 312 1409 haeo
331 1371 482 1420 feceris,
502 1372 601 1420 Rex,
626 1372 692 1410 sed
720 1385 828 1410 omen
854 1386 1000 1424 quoque
1033 1373 1182 1424 accipe:
1211 1387 1391 1422 mensam,
1421 1387 1468 1412 ex

123 1437 200 1486 quai
219 1434 356 1473 libavit
374 1435 495 1473 hostis
514 1435 656 1486 epulas,
676 1436 753 1474 tuis
772 1436 931 1486 pedibus
951 1449 1031 1474 esse
1050 1437 1292 1487 subjectam.'’

202 1500 237 1536 9.
268 1498 365 1546 Rex,
404 1499 577 1537 Persidis
612 1500 704 1537 fines
740 1499 928 1548 aditurus,
967 1500 1065 1539 Susa
1098 1500 1229 1539 urbem
1265 1499 1468 1549 Archelao,

124 1565 164 1599 et
194 1561 414 1611 praesidium
446 1562 564 1599 trium
592 1563 755 1600 millium
782 1563 956 1601 tradidit.
1013 1563 1232 1614 Xenophilo
1252 1563 1352 1601 arcis
1380 1576 1470 1602 cura

123 1625 302 1663 mandata
339 1630 426 1675 est;
469 1625 721 1664 Macedonum
758 1631 871 1665 aetate
905 1627 1086 1679 gravibus
1127 1627 1332 1678 praesidere
1371 1627 1469 1665 arcis

124 1689 308 1728 custodiae
350 1689 478 1739 jussis.
553 1690 833 1729 Thesaurorum
878 1690 1077 1730 Callicrati
1109 1691 1229 1729 tutela
1273 1691 1467 1741 permissa.

126 1752 301 1802 Satrapia
319 1752 485 1803 regionis
506 1752 679 1791 Susianae
709 1754 886 1791 restituta
914 1753 1079 1791 Abuliti.
1137 1753 1304 1791 Matrem
1322 1767 1470 1805 quoquc

125 1815 234 1853 Darii
265 1821 305 1853 et
336 1816 476 1854 liberos
505 1816 546 1852 in
577 1816 710 1854 eadem
738 1817 831 1854 urbe
864 1817 1030 1866 deponit.
1087 1817 1147 1854 Ac
1175 1816 1275 1854 forte
1295 1817 1470 1855 Macedo-

125 1879 228 1916 nicas
265 1884 401 1928 vestes,
438 1879 671 1931 multamque
707 1893 913 1930 purpuram
942 1879 1038 1917 dono
1067 1893 1114 1917 ex
1142 1879 1367 1918 Macedoni-:1
1398 1881 1471 1919 sibi

128 1942 291 1991 missam,
311 1956 395 1980 eum
413 1942 488 1991 his,
507 1955 592 1994 quae
611 1955 693 1980 eam
712 1944 962 1991 confecerant,
984 1943 1084 1981 tradi
1114 1943 1328 1995 Sisygambi
1344 1945 1470 1994 jussit,

127 2005 242 2054 (omni
276 2019 437 2056 namque
467 2005 606 2044 honore
636 2019 730 2054 eam,
769 2011 807 2043 et
835 2006 906 2043 filii
925 2019 1071 2057 quoquc
1103 2007 1246 2057 pietate
1274 2021 1471 2059 proseque-

124 2068 266 2118 batur,)
301 2069 579 2120 admonerique,
618 2074 662 2107 ut
701 2069 732 2107 si
766 2069 871 2107 cordi
909 2083 1057 2121 quoque
1089 2070 1206 2109 vestris
1238 2075 1350 2119 esset,
1388 2084 1471 2109 con-

126 2132 232 2168 ficere
265 2145 348 2168 eam
380 2137 512 2182 neptes
545 2145 632 2170 suas
663 2134 927 2182 assuefaceret,
958 2133 1156 2184 “donoque
1194 2133 1344 2172 doceret
1370 2135 1469 2173 darc.

127 2194 191 2231 Ad
211 2193 306 2231 hanc
324 2207 451 2231 vocem
480 2195 657 2245 lacrymae
677 2195 821 2233 oborta>
847 2196 1047 2245 prodidere
1076 2197 1244 2234 animum
1273 2210 1470 2247 aspernan-

128 2257 178 2294 tis
210 2257 250 2294 id
282 2271 441 2295 munus:
471 2259 611 2308 quippe»
632 2272 707 2296 non
741 2259 846 2296 aliud
878 2260 999 2310 magis
1027 2261 1067 2297 in
1094 2260 1360 2299 contumeliam
1381 2261 1471 2299 Per-

128 2334 254 2358 sarum
273 2321 436 2359 foeminae
456 2321 654 2371 accipiunt,
674 2322 786 2372 quam
816 2323 1014 2361 admovere
1043 2323 1140 2362 lana}
1166 2337 1307 2363 manus,
1366 2323 1471 2362 Nun-

127 2384 242 2432 ciant,
262 2383 326 2435 qui
357 2384 454 2422 dona
484 2385 664 2432 tulerant,
686 2385 838 2423 tristem
870 2400 951 2423 csse
972 2387 1250 2438 Sisygambim;
1282 2387 1472 2439 dignaque

127 2460 187 2485 res
218 2447 456 2487 excusatione
490 2454 529 2486 ct
561 2449 695 2487 solatio
716 2449 805 2487 visa.
864 2449 952 2500 Ipse
982 2452 1071 2501 crgo
1101 2451 1271 2502 pervenit
1299 2450 1347 2489 ad
1374 2463 1470 2499 eam,
