1583 2680
141 120 214 156 132
601 128 791 159 QUINTI
824 128 1010 153 cun'rn

135 222 251 260 etiam
282 236 304 260 a
333 222 472 273 quibus
506 221 618 272 prodi
649 225 789 272 potest,
809 225 854 258 ut
882 223 966 258 eum
986 223 1033 259 de
1065 235 1104 261 se
1134 222 1338 272 fateantur,
1367 221 1477 259 illum

135 291 265 324 tamen
284 286 418 324 celent.
479 284 674 323 Caetersim
706 283 900 321 Philotam
930 284 1051 334 ipsius
1082 285 1229 323 indicat
1247 285 1339 324 vita.
1399 285 1479 322 Hic

135 350 331 399 Amyntae,
351 349 419 400 qui
452 348 546 385 mihi
577 347 823 385 consobrinus
851 346 938 396 fuit,
961 352 999 385 et
1029 348 1070 386 in
1104 348 1334 386 Macedonia
1362 347 1480 398 capiti

134 425 217 450 meo
251 412 388 462 impias
422 411 658 461 comparavit
691 410 862 458 insidias,
885 411 1030 449 socium
1059 424 1099 449 se
1133 416 1172 449 et
1205 412 1398 449 conscium
1418 411 1478 448 ad-

143 475 284 525 junxit.
354 475 433 512 Hic
464 473 614 521 Attalo,
649 485 722 524 quo
755 473 971 524 graviorem
1003 474 1200 512 inimicum
1236 487 1311 512 non
1348 473 1478 521 habui,

135 551 302 586 sororem
321 551 429 576 suam
458 537 498 574 in
526 536 813 574 matrimonium
834 536 952 575 dedit.
1011 537 1100 588 Hic,
1129 541 1212 576 esim
1244 537 1480 587 scripsissem

135 601 181 651 ei,
200 615 268 652 pro
298 603 385 651 jure
417 605 496 638 tam
528 599 727 638 familiaris
757 602 854 637 usus
884 605 998 651 atque
1030 601 1222 649 amicitiae,
1244 601 1368 651 qualis
1397 612 1480 638 sors

135 665 241 702 edita
287 669 401 713 esset,
441 664 554 702 Jovis
602 663 830 700 Hammonis
878 663 1043 711 oraculo,
1083 664 1269 701 sustinuit
1315 663 1479 701 scribere

135 727 238 775 mihi,
260 740 300 765 se
332 727 488 778 quidem
519 725 718 775 gratulari,
738 726 839 776 quod
868 726 908 763 in
937 739 1138 764 numerum
1167 726 1338 764 Deorum
1357 738 1480 774 recep-

137 797 198 828 tus
229 804 362 838 essem,
398 791 581 828 caeterum
606 789 779 826 misereri
811 802 939 826 eorum
969 790 1108 840 quibus
1138 789 1343 827 vivendum
1381 793 1482 826 esset

135 854 205 892 sub
242 866 298 901 eo,
331 853 397 903 qui
426 852 581 889 modum
613 851 778 889 hominis
816 852 1028 889 excederet.
1104 852 1201 890 Haee
1239 856 1330 890 sunt
1367 851 1482 889 etiam

134 917 262 965 animi,
297 916 446 966 pridem
477 915 633 952 alienati
663 928 686 952 a
717 928 789 963 me,
822 919 860 953 et
893 915 1102 954 invidentis
1132 916 1266 967 gloriae
1292 928 1399 964 meae,
1428 915 1480 952 in-

136 980 259 1018 dicia:
289 993 376 1030 quae
408 977 596 1029 equidem,
617 977 771 1025 milites,
793 979 909 1029 quam
930 978 999 1015 diu
1032 979 1155 1027 licuit,
1177 979 1218 1016 in
1251 979 1376 1016 animo
1396 991 1480 1016 meo

136 1043 267 1093 pressi.
344 1041 520 1080 Videbar
565 1040 666 1079 enim
711 1041 807 1078 mihi
854 1046 1004 1091 partem
1042 1042 1272 1080 ²⁰viscerum
1308 1053 1481 1078 meorum

136 1107 369 1156 abrumpere,
391 1104 435 1152 si,
457 1104 496 1141 in
515 1117 610 1155 quos
631 1109 712 1141 tam
740 1117 879 1155 magna
898 1104 1148 1150 contuleram,
1170 1105 1194 1122 ¹¹
1209 1103 1367 1142 viliores
1386 1103 1481 1141 mihi

138 1170 306 1206 facerem.
365 1168 443 1207 Sed
471 1169 552 1217 jam
581 1179 656 1204 non
675 1167 792 1205 verba
822 1167 1016 1217 punienda
1044 1172 1156 1216 sunt;
1187 1167 1330 1217 linguae
1365 1171 1480 1205 teme-

134 1232 228 1269 ritas
265 1231 439 1281 pervenit
477 1230 525 1268 ad
558 1230 719 1281 gladios.
778 1229 864 1267 Hos
894 1229 942 1278 (si
970 1230 1064 1268 mihi
1094 1230 1268 1280 creditis)
1300 1229 1480 1268 Philotas

134 1295 172 1332 in
191 1307 251 1332 me
272 1294 384 1332 acuit.
443 1293 493 1331 Id
524 1293 557 1331 si
587 1293 668 1343 ipse
699 1292 866 1340 admisit,
887 1293 962 1343 quo
983 1306 1042 1330 me
1072 1293 1276 1341 conferam,
1305 1293 1481 1331 milites?

134 1358 196 1396 cui
216 1362 331 1408 caput
350 1370 477 1395 meum
497 1356 680 1394 credam?
736 1355 951 1407 Equitatui,
973 1356 1128 1407 optimae
1149 1357 1344 1394 exercitiis
1363 1357 1479 1406 parti,

133 1421 371 1471 principibus
403 1419 653 1458 nobilissima>
679 1419 895 1467 juventutis
924 1432 1043 1456 unum
1079 1419 1256 1469 praefeci:
1305 1419 1478 1467 salutem,

136 1498 254 1535 spem,
274 1483 476 1522 victoriam
495 1496 631 1530 meam,
652 1482 742 1519 fidei
770 1483 852 1531 ejus
880 1482 1089 1533 tutelaeque
1109 1482 1303 1520 commisi:
1332 1488 1480 1532 patrem

134 1548 173 1584 in
204 1547 305 1584 idem
335 1546 544 1595 fastigium,
566 1545 605 1582 in
638 1558 711 1595 quo
748 1559 808 1582 me
843 1545 918 1595 ipsi
951 1545 1146 1595 posuistis,
1180 1545 1343 1583 admovi.
1401 1545 1480 1583 Me-

135 1611 248 1658 diam,
279 1613 356 1661 qua
375 1609 484 1647 nulla
504 1609 721 1659 opulentior
749 1608 854 1660 regio
876 1613 947 1657 est,
970 1614 1009 1646 et
1040 1613 1100 1647 tot
1119 1608 1260 1647 civium
1280 1608 1479 1646 sociorum-

134 1688 207 1726 que
237 1674 370 1721 millia,
404 1673 562 1724 imperio
597 1674 680 1723 ejus
714 1672 927 1723 ditionique
967 1672 1124 1722 subjeci.
1200 1672 1313 1711 Unde
1351 1671 1480 1722 praesi-

136 1739 240 1776 dium
270 1737 467 1788 petieram,
498 1736 713 1787 perieulum
745 1736 909 1774 exstitit.
970 1735 1099 1781 Quam
1136 1735 1301 1773 feliciter
1331 1736 1370 1772 in
1399 1735 1480 1772 acic

135 1801 384 1849 occidissem,
415 1800 549 1850 potius
577 1799 700 1837 hostis
719 1799 862 1849 praeda,
883 1800 998 1849 quam
1018 1799 1111 1837 civis
1131 1798 1310 1836 victima!
1367 1798 1482 1836 Nunc

137 1870 311 1903 servatus
345 1878 393 1901 ex
423 1863 616 1914 periculis,
650 1876 736 1913 quae
775 1862 855 1900 sola
892 1862 1018 1910 timui,
1056 1862 1096 1899 in
1115 1863 1197 1900 haee
1237 1861 1368 1909 incidi,
1396 1875 1483 1913 qua}

137 1928 269 1965 timere
298 1940 375 1965 non
406 1926 531 1965 debui.
591 1925 732 1964 Soletis
766 1925 976 1963 identidem
1007 1938 1029 1962 a.
1059 1938 1130 1972 me,
1165 1924 1317 1971 milites,
1339 1929 1482 1975 petere,

136 1995 179 2028 ut
210 1991 326 2028 saluti
358 2003 453 2028 meze
485 2002 646 2040 parcam.
706 1988 789 2039 Ipsi
822 1988 915 2026 inihi
945 1993 1130 2038 praestare
1168 1988 1342 2038 potestiS‚
1380 1987 1485 2038 quod

138 2054 308 2091 suadetis
327 2059 371 2091 ut
390 2053 534 2091 faciam.
593 2053 659 2090 Ad
689 2057 838 2090 vestras
869 2065 1014 2099 manus,
1036 2051 1085 2089 ad
1112 2057 1241 2090 vestra
1269 2064 1374 2088 arma
1402 2064 1485 2088 con·

137 2117 265 2167 fugio:
288 2117 420 2153 invitis
436 2117 543 2154 vobis
560 2116 688 2154 salvus
705 2116 786 2153 esse
807 2115 918 2154 nolo:
939 2115 1169 2163 volentibus,
1193 2115 1302 2152 ¹2nou
1317 2127 1485 2165 possum,

138 2181 213 2220 nisi
233 2180 443 2218 vindicor.'’

217 2246 277 2281 28.
309 2243 408 2281 Tum
428 2243 634 2290 Philotam,
656 2242 829 2293 religatis
845 2247 929 2292 post
949 2248 1098 2293 tergum
1113 2241 1302 2290 manibus,
1318 2240 1487 2279 obsoleto

139 2307 301 2345 amiculo
320 2306 498 2353 velatum,
526 2307 642 2355 jussit
662 2305 799 2344 induci.
883 2305 1014 2343 Facili·
1036 2305 1241 2357 apparebat
1269 2309 1391 2342 motos
1409 2316 1489 2341 csse

141 2376 216 2409 tam
234 2370 440 2408 miserabili
461 2369 607 2417 habitu,
627 2382 700 2407 non
720 2369 798 2406 sinc
820 2368 965 2406 invidia,
986 2369 1102 2419 paulo
1131 2371 1221 2406 ante
1252 2368 1274 2386 ¹³
1287 2365 1488 2417 conspecti.

145 2435 283 2473 Ducem
312 2433 508 2486 equitatus
546 2433 668 2484 pridie
701 2432 886 2481 viderant,
917 2432 1087 2471 sciebant
1118 2431 1238 2483 Regis
1273 2429 1490 2469 interfuisse
