1583 2680
93 150 164 186 174
547 159 738 190 QUINTI
771 159 958 185 cuu'rn

90 258 190 290 cunt.
265 253 355 291 Rex
373 265 449 291 non
469 252 646 303 cupidine
664 252 786 304 magis
817 251 995 303 potiundi
1025 251 1111 301 loci,
1132 252 1248 304 quam
1268 251 1291 269 ¹¹
1308 249 1429 289 vicem

89 330 230 364 eorum,
251 329 346 368 quos
365 316 415 354 ad
434 320 513 354 tam
532 317 776 354 manifestum
808 315 1021 366 periculum
1039 315 1208 363 miserat,
1228 314 1428 361 sollicituS,

89 384 171 418 toto
205 380 266 417 dic
299 379 496 417 cacumina
527 379 669 417 montis
706 379 860 416 intuens
896 378 1052 417 restitit.
1120 378 1250 417 Noctu
1279 378 1431 415 demum

90 444 178 480 cum
197 442 411 481 obscuritas
431 446 673 493 conspectum
693 442 888 480 oculorum
908 441 1123 490 ademisset,
1145 441 1193 479 ad
1222 440 1432 479 curandum

91 519 228 556 corpus
247 505 415 543 recessit.

170 570 229 606 42.
261 569 425 606 Postero
460 568 521 605 dic
553 567 723 605 nondum
758 567 852 605 satis
890 566 994 605 clara
1023 567 1119 615 luce,
1152 567 1300 618 primus
1335 565 1433 612 vela,

92 632 242 682 signum
276 631 380 681 capti
412 631 581 679 verticis,
604 630 814 681 conspexit.
874 629 951 668 Sed
982 642 1030 667 ne
1063 630 1262 668 falleretur
1285 629 1308 647 ¹²
1323 628 1434 675 acies,

92 694 269 732 dubitare
303 694 462 744 cogebat
494 694 660 733 varietas
691 693 788 740 coeli,
820 705 922 730 nunc
954 692 1202 730 internitente
1239 692 1337 729 lucis
1365 690 1436 728 ful-

91 770 194 807 gore,
215 770 315 794 nunc
335 757 499 794 condito.
558 756 711 794 Verum
742 760 787 792 ut
817 755 999 805 liquidior
1026 755 1095 792 lux
1123 754 1301 806 apparuit
1327 753 1436 801 coelo,

94 819 284 857 dubitatio
323 822 500 868 exempta
545 822 612 855 est.
689 817 959 868 Vocatumque
1007 817 1176 868 Cophan,
1221 830 1290 868 per
1326 829 1439 868 quem

96 882 360 920 Barbarorum
385 882 530 918 animos
562 885 790 930 tentaverat,
821 880 946 917 mittit
975 880 1024 918 ad
1057 893 1133 929 eos,
1163 880 1230 932 qui
1256 884 1440 929 moneret,

92 956 192 982 nunc
213 944 350 982 saltem
381 943 572 982 salubrius
608 943 810 981 consilium
839 943 994 981 inirent.
1053 943 1123 982 Sin
1152 948 1281 982 autem
1299 943 1441 981 fiducia

93 1007 168 1044 loci
200 1010 499 1057 perseverarent,
532 1006 684 1044 ostendi
714 1019 737 1043 a
769 1009 876 1056 tergo
907 1007 1038 1057 jussit,
1061 1006 1128 1058 qui
1155 1011 1334 1057 ceperant
1360 1019 1439 1044 ver-

94 1071 218 1108 ticem.
289 1070 441 1120 Cophas
474 1070 664 1108 admissus
703 1069 864 1107 suadere
902 1070 1018 1120 coepit
1055 1070 1240 1118 Arimazi,
1280 1070 1440 1109 Petram

95 1134 258 1181 tradere,
291 1133 455 1184 gratiam
487 1132 608 1183 Regis
638 1132 793 1182 inituro,
826 1132 859 1170 si
895 1137 1023 1170 tantas
1059 1145 1121 1170 res
1153 1132 1374 1170 molientem
1401 1133 1442 1170 in

94 1197 208 1234 unius
240 1196 348 1246 rupis
381 1196 578 1235 obsidione
610 1195 756 1234 haerero
788 1208 864 1232 non
894 1195 1096 1245 coegisset.
1154 1195 1241 1243 Ille,
1275 1196 1442 1234 ferocius

97 1259 377 1310 superbiusque
397 1259 512 1310 quam
531 1263 642 1296 antea
660 1258 824 1306 locutus,
846 1258 872 1276 ¹⁸
887 1258 993 1297 abire
1016 1258 1174 1309 Cophan
1203 1259 1325 1310 jubet.
1384 1260 1443 1297 At

95 1324 129 1360 is
148 1322 378 1373 prehensum
397 1334 513 1359 manu
547 1321 765 1359 Barbarum
796 1325 917 1372 rogat,
937 1326 983 1359 ut
1011 1334 1140 1360 secum
1160 1327 1270 1360 extra
1289 1335 1442 1373 specum

96 1386 256 1437 prodeat
273 1397 281 1422 :
310 1397 385 1436 quo
405 1384 620 1434 impetrato,
638 1385 797 1434 juvenes
817 1384 856 1421 in
870 1385 1065 1422 cacumine
1085 1385 1266 1434 ostendit,
1284 1388 1442 1437 ejusque

97 1448 286 1499 superbiae
317 1447 420 1485 haud
453 1447 644 1484 immerito
674 1446 853 1495 illudens,
882 1447 1019 1498 pinnas
1050 1448 1105 1486 ait
1135 1449 1274 1487 habere
1301 1449 1443 1487 milites

98 1511 330 1550 Alexandri.
403 1510 568 1561 Jamque
589 1523 608 1547 e
629 1509 885 1548 Macedonum
919 1511 1056 1549 castris
1077 1511 1271 1561 signorum
1291 1525 1443 1551 concen-

99 1581 174 1623 tus,
196 1579 234 1612 et
263 1574 383 1612 totius
417 1573 613 1611 exercitiis
647 1572 788 1611 clamor
821 1573 1061 1613 audiebatur.
1117 1575 1179 1613 Ea
1204 1588 1277 1623 res,
1308 1575 1446 1614 ¹‘sicut

98 1639 279 1689 pleraque
299 1636 393 1676 belli
411 1649 508 1675 vana
527 1641 565 1674 et
597 1636 735 1684 inania,
757 1635 950 1675 Barbaros
971 1637 1020 1675 ad
1052 1637 1290 1677 deditionem
1309 1640 1443 1678 traxit.

101 1701 252 1752 Quippe
272 1700 447 1750 occupati
479 1704 594 1748 metu,
626 1699 858 1750 paucitatem
892 1713 1036 1749 corum,
1064 1701 1129 1752 qui
1149 1715 1171 1739 a
1190 1706 1298 1754 tergo
1326 1707 1444 1750 erant,

99 1765 290 1804 aestimare
310 1776 385 1801 non
404 1767 591 1814 poterant.
650 1763 788 1814 Itaque
822 1763 980 1814 Cophan
1001 1764 1104 1813 (nam
1133 1765 1372 1815 trepidantes
1392 1779 1444 1803 rc-

100 1828 280 1879 liquerat)
303 1826 456 1864 strenue
487 1831 679 1876 revocant,
700 1831 739 1864 et
769 1839 856 1864 cum
889 1840 932 1865 eo
953 1827 1112 1877 triginta
1141 1828 1331 1878 principes
1362 1829 1444 1866 mit-

101 1896 200 1940 tunt,
220 1891 287 1942 qui
307 1891 467 1928 Petram
486 1889 653 1937 tradant,
675 1894 712 1926 et
731 1893 776 1926 ut
795 1889 1049 1928 incolumibus
1063 1890 1166 1928 abire
1182 1890 1307 1939 liceat,
1328 1893 1445 1942 pacis-

103 1960 244 1992 cantur.
303 1953 426 2001 ¹⁶Ille,
457 1966 673 2004 quanquam
703 1952 918 2000 verebatur,
951 1966 998 1991 ne
1029 1957 1233 2004 conspecta
1263 1957 1446 2005 juvenum

103 2018 296 2067 paucitate
335 2016 586 2055 deturbarent
624 2028 688 2053 eos
725 2015 902 2063 Barbari,
941 2020 1067 2054 tamen
1106 2023 1145 2055 et
1175 2018 1338 2057 fortunae
1368 2032 1447 2058 sum

105 2080 279 2127 confisus,
301 2084 340 2117 ct
361 2079 532 2117 Arimazi
552 2079 739 2129 superbia}
759 2079 943 2127 infensus,
965 2080 1110 2118 nullam
1130 2094 1170 2119 sc
1190 2082 1446 2121 conditionem

106 2142 316 2180 deditionis
348 2142 519 2193 accipere
557 2141 767 2192 respondit.
825 2142 1037 2191 Arimazes,
1077 2144 1289 2195 desperatis
1326 2147 1449 2197 magia

105 2208 222 2257 quum
258 2205 422 2255 perditis
454 2205 579 2253 rebus,
615 2218 699 2242 cum
737 2205 962 2257 propinquis
1000 2207 1323 2261 nobilissimisque
1370 2222 1450 2248 suae

109 2269 231 2320 gentis
265 2268 463 2306 descendit
497 2269 534 2305 in
569 2274 705 2315 eastra,
735 2282 830 2319 quos
865 2283 993 2307 omues
1023 2271 1246 2311 verberibus
1281 2273 1449 2320 affectos,

109 2332 180 2372 sub
201 2331 293 2382 ipsis
314 2331 508 2369 radicibus
530 2332 659 2370 Petra»
691 2332 714 2349 ¹⁶
728 2333 904 2370 crucibus
931 2335 1049 2383 jussit
1069 2335 1179 2387 afligi.
1239 2336 1450 2374 Multitudo

110 2395 344 2433 deditiorum
378 2395 512 2433 incolis
545 2408 727 2433 novarum
750 2396 902 2434 urbium
923 2411 1008 2435 cum
1040 2399 1201 2449 pecunia
1222 2402 1333 2451 captsi
1354 2399 1451 2437 dono
