1583 2680
512 181 1039 206 L1821t111.0AP.1v.
1400 173 1440 209 ΙΞ

184 273 260 312 IV.
291 275 325 311 9.
357 273 512 311 Interea
531 272 768 321 Alexander,
790 272 1040 310 Abistamene
1072 271 1324 323 Cappadocia:
1351 288 1443 325 prm-

104 336 241 387 posito‚
262 335 438 375 Ciliciam
456 341 591 387 petens
611 349 697 374 cum
716 335 890 374 omnibus
919 335 1050 386 copiiS,
1072 335 1112 372 in
1131 336 1337 385 regionem,
1358 351 1443 388 quae

105 406 116 418 ⁸
127 399 274 437 Castra
301 399 404 449 Cyri
420 399 646 451 appellatur,
662 403 895 449 pervenerat.
965 399 978 416 ²
993 398 1145 437 Stativa
1158 399 1239 436 illic
1258 399 1443 437 habuerat

108 462 246 513 Cyrus,
267 463 355 500 cum
375 462 561 500 adversus
583 461 757 500 Croesum
775 462 815 499 in
835 461 1000 513 Lydiam
1027 461 1240 499 exercitum
1269 461 1439 500 duceret.

101 525 252 563 Aberat
281 538 326 563 ea
355 525 461 576 regio
492 525 772 576 quinquaginta
801 524 927 562 stadia
945 524 992 563 ab
1012 524 1132 573 aditu,
1153 538 1228 576 quo
1261 525 1437 563 Ciliciam

100 587 306 625 intramus:
327 587 457 638 Pylas
472 587 607 626 incolae
622 587 755 625 dicunt
774 588 1007 625 arctissimas
1026 588 1167 635 fauces,
1185 588 1442 626 ‘'munimenta

99 663 187 701 quae
213 663 330 688 manu
355 650 544 701 ponimus,
563 650 732 688 naturali
761 651 840 689 situ
867 651 1052 688 imitante.
1109 650 1238 702 Igitur
1257 651 1439 696 Arsanes,

99 713 166 764 qui
187 713 332 752 Ciliciae
351 718 526 764 praecrat,
541 719 722 764 reputans
741 713 835 765 quid
854 713 965 752 initio
985 713 1080 752 belli
1100 713 1282 752 Memnon
1302 714 1438 751 suasis-

99 781 169 824 set,
198 776 415 828 ⁴quondam
447 776 599 815 salubre
629 777 831 815 consilium
863 778 946 815 sero
978 776 1135 828 exsequi
1166 777 1322 814 statuit:
1353 777 1440 828 igne

98 839 274 890 ferroque
295 839 470 878 Ciliciam
489 843 624 887 vastat,
639 844 685 877 ut
704 839 807 878 hosti
826 839 1073 877 solitudinem
1092 840 1228 878 faciat:
1257 839 1439 891 quicquid

98 902 185 939 usui
215 915 297 940 esse
327 907 466 953 potest,
498 902 729 953 corrumpit:
760 902 890 940 sterile
919 915 962 940 ac
995 902 1140 939 nudum
1173 903 1310 950 solum,
1337 901 1440 953 quod

98 965 198 1002 tueri
225 965 418 1016 nequibat,
439 965 656 1002 relicturus.
716 965 793 1004 Sed
820 965 934 1017 longe
960 965 1096 1003 utilius
1117 965 1216 1003 ‘'fuit
1243 964 1438 1016 angustias

96 1027 234 1075 aditus,
254 1027 322 1078 qui
351 1026 528 1066 Ciliciam
555 1027 689 1078 aperit,
709 1027 840 1066 valido
870 1040 1053 1078 occupare
1081 1028 1272 1078 praesidio,
1289 1030 1437 1078 jugum-

95 1103 181 1141 que,
211 1089 423 1140 opportune
443 1089 573 1127 itineri
599 1090 813 1138 imminens,
835 1089 1028 1139 obtinere—3
1058 1091 1160 1128 unde
1181 1091 1327 1129 inultus
1348 1090 1436 1128 sub·

95 1157 246 1191 euntem
265 1152 414 1190 hostem
433 1157 501 1190 aut
514 1152 726 1204 prohibere,
755 1157 822 1190 aut
840 1153 1050 1203 opprimere
1065 1153 1266 1203 potuisset.
1326 1155 1437 1194 Tunc

94 1217 236 1266 paucis,
254 1215 321 1266 qui
341 1215 501 1254 callibus
528 1215 790 1266 praesiderent,
810 1216 968 1264 relictis,
989 1217 1092 1254 retro
1112 1216 1193 1267 ipse
1222 1219 1434 1268 concessit;

94 1279 296 1330 populator
326 1283 451 1327 terrae,
471 1292 587 1330 quam
617 1291 640 1316 a
669 1279 982 1330 populationibus
1008 1279 1202 1318 vindicare
1237 1279 1432 1320 debuerat.

96 1342 214 1393 Ergo,
233 1342 300 1394 qui
319 1342 446 1380 relicti
465 1347 586 1391 erant,
602 1342 773 1392 proditos
793 1355 833 1380 se
851 1342 938 1390 rati,
954 1355 1001 1380 ne
1021 1348 1263 1393 conspectum
1281 1344 1436 1394 quidem

94 1406 215 1444 hostis
235 1405 422 1444 sustinere
440 1405 647 1444 volucrunt
665 1406 756 1443 cum
774 1405 835 1444 vel
861 1406 1061 1456 pauciores
1088 1405 1215 1444 locum
1235 1407 1247 1424 ⁶
1262 1407 1436 1445 obtinere

93 1469 317 1519 potuissent.
374 1469 549 1520 Namque
566 1470 772 1519 ⁷perpetuo
784 1470 879 1520 jugo
894 1469 1035 1507 montis
1050 1469 1174 1518 asperi
1189 1482 1233 1507 ac
1248 1471 1435 1520 praerupti

94 1531 230 1570 Cilicia
245 1532 468 1580 includitur,
488 1532 501 1550 ⁸
513 1531 615 1583 quod
632 1533 721 1569 cum
736 1545 758 1569 a.
770 1531 864 1569 mari
883 1537 1025 1582 surgat,
1040 1532 1149 1570 velut
1165 1532 1252 1570 sinu
1268 1533 1432 1584 quodam

94 1595 269 1646 flexuque
293 1601 504 1642 curvatum,
523 1607 656 1632 rursus
685 1594 806 1632 altero
826 1607 944 1632 cornu
962 1595 1002 1632 in
1021 1595 1216 1633 diversum
1242 1595 1354 1634 littus
1373 1610 1432 1634 ex-

93 1658 225 1696 currit.
283 1658 361 1696 Per
379 1658 450 1696 hoc
479 1657 644 1705 dorsum,
664 1658 740 1708 qua
759 1657 924 1694 maxime
952 1657 1161 1695 introrsum
1189 1659 1284 1696 mari
1315 1659 1431 1707 cedit,

92 1721 217 1771 asperi
237 1726 315 1759 tres
343 1721 483 1769 aditus,
504 1725 543 1758 et
561 1720 783 1771 perangusti
812 1725 911 1767 sunt,
932 1733 1096 1771 quorum
1122 1732 1197 1758 uno
1219 1720 1359 1759 Cilicia
1378 1722 1432 1759 in·

92 1783 225 1821 tranda
243 1789 310 1822 est.
367 1785 380 1802 ⁹
396 1783 632 1834 Campestris
647 1783 790 1833 eadem,
803 1784 880 1834 qua
895 1784 1021 1834 vergit
1036 1783 1084 1821 ad
1103 1796 1219 1833 mare,
1234 1783 1432 1834 planitiem

93 1848 176 1897 ejus
196 1847 340 1885 crebris
360 1847 688 1898 distinguentibus
706 1847 812 1884 rivis.

177 1911 234 1948 10.
266 1910 456 1960 Pyramus
477 1915 516 1948 et
547 1909 717 1961 Cydnus,
738 1909 873 1960 inclyti
906 1922 1035 1948 amnes
1067 1909 1199 1947 fluunt.
1260 1909 1426 1960 Cydnus¹

93 1974 206 2011 ¹⁰non
235 1973 358 2024 spatio
386 1986 582 2025 aquarum,
603 1973 672 2011 sed
699 1973 848 2025 liquore
876 1972 1154 2022 memorabilis3
1184 1973 1335 2024 quippe,
1356 1973 1429 2011 lem

92 2040 219 2073 tractu
249 2036 273 2073 a
292 2036 463 2074 fontibus
496 2035 640 2084 labens,
660 2049 756 2086 puro
787 2035 868 2074 solo
899 2036 1111 2086 excipitur3
1143 2048 1212 2073 nec
1243 2041 1426 2075 torrente»

93 2098 302 2147 incurrunt,
320 2100 344 2117 ¹¹
359 2099 426 2150 qui
444 2098 594 2150 placide
613 2099 804 2137 manantis
823 2098 976 2137 alveum
995 2098 1162 2137 turbent.
1221 2098 1358 2150 Itaque
1379 2099 1417 2135 in

92 2169 305 2211 corruptus,
335 2161 511 2213 idemque
546 2161 840 2212 frigidissimus3
882 2161 1035 2212 quippe,
1070 2161 1096 2179 ¹²
1109 2161 1232 2199 multa
1262 2162 1427 2212 riparum

92 2224 310 2262 amoenitate
330 2224 584 2273 inumbratus,
606 2225 633 2243 ¹³
646 2224 789 2276 ubique
817 2224 989 2262 fontibus
1009 2224 1089 2262 suis
1109 2224 1246 2261 similis
1266 2224 1304 2261 in
1324 2237 1427 2261 mare

92 2286 230 2323 evadit.
287 2286 416 2325 Multa
434 2287 474 2325 in
492 2290 538 2326 ea
557 2287 712 2339 regione
739 2292 984 2325 monumenta
1001 2287 1159 2338 vulgata
1185 2286 1427 2332 carminibus,

92 2353 263 2386 vetustas
283 2349 475 2387 exederat.
533 2349 850 2388 Monstrabantur
868 2349 1023 2387 urbium
1052 2349 1161 2387 sedes
1188 2348 1369 2398 Lyrnessi
1390 2353 1429 2384 et

92 2411 264 2460 Thebes;
296 2411 491 2461 Typhonis
522 2425 672 2463 quoque
705 2425 852 2463 specus,
882 2417 923 2450 et
951 2411 1155 2462 Corycium
1188 2423 1332 2458 nemus,
1360 2409 1427 2448 ubi

91 2487 240 2513 crocum
260 2474 441 2526 gignitur,
462 2479 674 2527 caeteraque
694 2475 732 2513 in
751 2475 890 2526 quibus
918 2474 1015 2511 nihil
1043 2478 1183 2524 praeter
1203 2473 1340 2510 famam
1361 2472 1426 2510 du-
