1583 2680
614 170 775 195 menn
813 169 856 194 x.
897 168 1010 195 car.
1050 168 1104 193 11.
1451 156 1527 194 249

182 261 324 306 pecunia
336 262 542 301 effecturum,
558 265 597 294 ut
607 261 865 294 Atheniensium
875 260 995 294 civitas
1004 260 1164 293 adversus
1176 270 1287 302 regem
1304 270 1396 292 arma
1406 259 1528 303 capiat,

180 320 216 349 et
229 326 436 348 communem
451 326 585 349 causam
607 315 770 359 tueatur]

260 380 320 418 II.
350 383 386 418 6.
416 380 544 431 Igitur
562 380 724 432 triginta
738 380 901 418 navibus
918 379 1080 418 Sunium
1101 379 1110 396 ¹
1125 378 1405 425 transmittunt,
1428 378 1527 428 (pro-

179 444 412 482 montorium
440 449 499 481 est
519 444 666 482 Atticae
685 445 827 494 terrae),
847 443 948 481 unde
967 443 980 460 ²
996 447 1150 493 portum
1168 441 1276 480 urbis
1304 447 1435 492 petere
1465 441 1528 477 de-

179 512 391 546 creverant.
464 507 540 545 His
584 507 760 559 cognitiS‚
800 507 889 545 Rex
935 506 1108 557 Harpalo
1147 505 1526 556 Atheniensibusque

186 571 307 620 juxta
336 571 512 619 infestus,
533 570 693 608 classem
725 570 852 621 parari
881 569 1004 620 jubet,
1025 569 1201 608 Athenas
1229 569 1404 619 protinus
1433 568 1526 618 peti-

181 638 304 671 turus.
363 633 476 679 Quod
509 634 710 672 consilium
731 634 823 671 dum
855 633 988 684 agitat,
1009 632 1107 670 clam
1134 632 1277 670 litterae
1298 631 1335 670 ei
1366 631 1525 669 reddun-

181 702 259 744 tur,
282 697 499 747 Harpalum
532 697 696 735 intrasse
726 697 882 748 quidem
901 696 1090 744 Athenas,
1109 695 1273 746 pecunia
1306 694 1526 733 conciliasse

180 760 255 798 sibi
286 761 499 810 principum
531 761 702 798 animos:
731 773 832 808 mox,
862 759 1020 798 consilio
1048 759 1173 810 plebis
1203 759 1348 806 habito,
1378 760 1526 809 jussum

179 823 274 860 urbe
305 823 488 861 excedere
526 823 575 861 ad
606 823 761 862 Graecos
794 823 938 861 milites
974 823 1193 873 pervenisse
1232 835 1255 860 a
1293 821 1434 873 quibus
1475 821 1528 858 in-

180 891 396 936 terceptum
416 891 455 924 et
475 899 497 924 a
518 886 751 924 Thimbrone
782 886 947 938 quodam
975 887 1249 936 interemptum
1268 899 1336 936 per
1354 884 1525 923 insidias.

181 948 257 986 His
290 949 415 997 laetus,
449 949 490 986 in
524 949 721 1000 Europam
755 949 974 999 trajiciendi
1007 949 1209 987 consilium
1239 949 1380 986 omisit.
1450 947 1528 987 Sed

179 1011 323 1059 exules,
344 1017 485 1062 praeter
505 1025 571 1050 eos
589 1013 655 1063 qui
675 1012 781 1050 civili
813 1012 997 1063 sanguine
1017 1012 1164 1062 aspersi
1193 1016 1313 1059 erant,
1333 1011 1452 1062 recipi
1480 1011 1527 1048 ab

179 1075 357 1113 omnibus
378 1074 601 1113 Graecorum
621 1075 856 1123 civitatibus,
877 1075 986 1126 queis
1005 1075 1108 1125 pulsi
1140 1079 1260 1124 erant,
1286 1075 1414 1124 jussit.
1474 1074 1527 1112 Et

179 1137 308 1177 Graeei
328 1138 431 1176 haud
450 1138 533 1176 ausi
566 1138 768 1188 imperium
788 1138 994 1188 aspernari,
1015 1151 1231 1189 quanquam
1259 1138 1528 1176 solvendarum

178 1201 307 1252 legum
340 1201 381 1238 id
412 1201 643 1252 principium
675 1214 758 1239 esse
789 1201 1005 1249 censebant,
1034 1201 1135 1240 bona
1161 1202 1322 1252 queque,
1353 1215 1439 1252 quae
1467 1215 1526 1239 ex-

179 1270 343 1313 starent,
376 1265 582 1303 restituere
615 1265 814 1302 damnatis.
883 1264 990 1303 ³Soli
1028 1264 1299 1314 Athenienses,
1334 1277 1410 1302 non
1450 1278 1528 1302 suae

179 1327 304 1375 modo,
329 1327 398 1365 sed
418 1327 534 1365 etiam
551 1327 718 1378 publicae
736 1327 909 1366 vindices
922 1327 1126 1376 libertatis,
1140 1327 1393 1365 colluvionem
1413 1329 1526 1365 omni—

181 1403 248 1428 um
267 1390 443 1429 ordinum
462 1391 553 1442 quia
571 1403 673 1442 aegre
701 1390 890 1438 ferebant,
913 1390 1004 1440 (non
1022 1390 1128 1441 regio
1157 1391 1328 1441 imperio,
1349 1391 1417 1428 sed
1438 1391 1526 1442 legi·

179 1453 252 1491 bus
263 1454 508 1505 moribusque
523 1455 660 1504 patriis
678 1454 761 1506 regi
777 1455 950 1504 assueti),
964 1454 1195 1504 prohibuere
1210 1454 1372 1504 finibus;
1402 1455 1528 1493 omnia

180 1516 311 1566 potitis
331 1516 544 1565 toleraturi,
564 1519 681 1568 quam
698 1522 952 1568 purgamenta
980 1517 1172 1569 quondam
1198 1517 1306 1556 urbis
1326 1530 1416 1565 suae,
1437 1523 1528 1555 tunc

181 1579 297 1617 ctiam
336 1579 456 1627 exilii,
495 1579 754 1617 admitterent.
799 1579 1026 1625 Alexander
1054 1579 1267 1618 senioribus
1294 1580 1460 1618 militum
1489 1581 1528 1618 in

180 1643 344 1693 patriam
358 1643 540 1690 remissis,
560 1643 747 1680 tredecim
767 1642 888 1680 millia
905 1643 1092 1693 peditum,
1112 1648 1152 1680 et
1180 1642 1255 1680 duo
1283 1643 1405 1680 millia
1424 1644 1527 1695 equi-

182 1712 275 1754 tum,
296 1719 382 1757 quae
403 1706 442 1743 in
471 1706 570 1743 Asia
598 1706 797 1753 retineret,
826 1705 918 1756 eligi
940 1706 1084 1756 jussit,
1115 1705 1351 1755 existimans,
1378 1706 1527 1744 modico

181 1770 357 1807 exercitu
376 1769 571 1807 continere
590 1782 701 1820 posse
725 1769 874 1817 Asiam,
903 1769 994 1820 quia
1020 1768 1196 1820 pluribus
1223 1768 1320 1807 loeis
1347 1770 1528 1820 praesidia

182 1833 455 1884 disposuisset;
486 1846 682 1884 nuperque
701 1832 875 1871 conditas
894 1833 1024 1880 urbes,
1044 1845 1139 1883 quas
1159 1831 1302 1870 colonis
1329 1833 1526 1883 replesset,

181 1911 243 1936 res
262 1910 447 1936 renovare
468 1897 711 1948 cupientibus
732 1896 886 1935 obstare
915 1896 1104 1934 credebat.

262 1963 296 1999 7.
329 1960 537 2008 Caeterum,
565 1961 788 2012 priusquam
818 1964 1033 1998 secerneret
1059 1972 1155 2010 quos
1185 1964 1268 1996 crat
1295 1963 1524 2008 retenturus,

182 2023 318 2071 edixit,
346 2029 391 2061 ut
419 2036 550 2062 omnes
576 2024 720 2061 milites
753 2025 834 2061 ⁴aes
863 2023 1032 2060 alienum
1058 2022 1340 2073 profiterentur.
1398 2021 1524 2061 Grave

182 2086 373 2138 plerisque
392 2099 474 2125 esse
490 2092 725 2137 compererat
741 2100 749 2135 3
781 2092 820 2124 et
832 2098 1051 2137 quanquam
1067 2085 1235 2136 ipsorum
1250 2084 1347 2123 luxu
1359 2091 1520 2124 contrae-

182 2156 265 2187 tum
286 2154 379 2197 erat,
400 2149 610 2187 dissolvere
630 2155 757 2187 tamen
773 2149 853 2199 ipse
873 2149 1104 2187 decreverat.
1162 2148 1233 2187 Illi
1260 2149 1402 2186 tentari
1421 2149 1524 2199 ipsos

183 2212 269 2261 rati,
287 2213 362 2264 quo
391 2212 546 2249 facilius
566 2212 640 2249 ‘ab
669 2212 829 2263 integris
858 2217 1102 2262 sumptuosos
1131 2211 1375 2259 discerneret,
1402 2212 1524 2262 prola-

183 2275 298 2313 tando
319 2275 557 2327 aliquautum
572 2280 821 2312 extraxerant
835 2274 1028 2325 temporis.
1087 2273 1143 2312 Et
1156 2274 1245 2313 Rex
1261 2274 1354 2312 satis
1368 2288 1522 2325 gnarus,

181 2339 192 2349 ’
206 2338 435 2389 professioni
454 2338 541 2375 aeris
561 2337 758 2388 pudorem,
778 2351 853 2376 non
872 2338 1164 2386 contumaciam,
1185 2338 1350 2385 obstare,
1372 2351 1520 2375 mensas

182 2402 273 2440 totis
292 2401 431 2455 eastris
450 2400 539 2451 poni
555 2401 685 2450 jussit,
706 2407 745 2439 et
763 2401 774 2418 ⁷
790 2401 920 2439 decem
940 2401 1063 2439 millia
1083 2401 1315 2439 talentorum
1343 2401 1517 2451 proferri.

181 2464 277 2503 Tum
297 2465 448 2502 demum
468 2463 479 2480 ⁶
494 2463 566 2501 fide
587 2464 690 2501 saeta
708 2463 869 2514 professi
898 2470 1010 2513 sunt,
1041 2477 1109 2502 nec
1137 2463 1305 2514 amplius
1333 2477 1382 2501 cx
1412 2467 1514 2501 tanta
