1583 2680
443 171 605 197 muna
640 171 708 197 1x.
747 171 858 197 car.
897 171 1015 196 VI11.
1333 161 1410 197 237

67 265 165 316 perii
181 265 343 302 donatus
359 268 418 301 cst
433 264 584 303 finibus.
625 263 838 302 Musicanis
853 263 991 302 deinde
1010 263 1051 302 in
1079 263 1266 302 ditionem
1285 263 1412 302 redac-

67 329 131 376 tis,
151 327 238 367 urbi
258 340 386 365 eorum
406 327 630 378 praesidium
649 327 844 378 imposuit.
901 326 1000 365 Inde
1028 326 1212 377 Praestos,
1232 331 1271 365 et
1290 327 1413 378 ipsam

69 391 195 430 Indiae
221 395 375 442 gentem
408 395 636 441 perventum
669 395 739 428 est.
800 389 1009 440 Oxycanus
1042 390 1132 428 Rex
1161 395 1255 438 erat,
1276 390 1342 441 qui
1373 403 1413 428 se

70 454 227 492 munitae
246 453 333 492 urbi
353 453 439 491 cum
459 456 599 505 magna
620 467 735 492 manu
753 453 996 504 popularium
1024 453 1242 492 incluserat.
1302 453 1414 492 Hanc

72 517 292 556 Alexander
329 518 447 556 tertio
486 517 549 555 die
586 520 703 568 quam
736 522 904 568 coeperat
939 517 1129 566 obsidere,
1167 518 1412 569 expugnavit.

71 581 126 620 Et
148 580 358 631 Oxycanus
378 582 467 618 cum
487 580 526 618 in
547 593 672 618 arcem
692 581 941 632 confugisset,
961 581 1109 631 legatos
1129 581 1176 619 de
1196 581 1414 619 conditione

69 644 279 682 deditionis
299 644 406 682 misit
426 643 474 682 ad
495 644 655 695 Regem.
714 643 791 682 Sed
812 648 1019 695 antequam
1038 644 1191 682 adirent
1209 657 1309 685 eum.
1330 644 1417 683 duoe

70 713 195 745 turres
229 720 315 745 eum
348 707 496 758 ingenti
527 707 678 758 fragore
713 707 970 757 prociderant,
990 720 1060 758 per
1090 721 1253 759 quarum
1284 708 1417 746 ruinas

71 770 302 808 Macedones
340 773 496 808 evasere
534 770 573 807 in
612 783 766 808 arcem:
810 773 887 821 quai.
925 773 1050 821 capta,
1086 770 1294 822 Oxycanus
1330 784 1418 809 cum

69 834 201 883 paucis
234 847 452 884 repugnans
472 833 672 871 occiditur.
732 833 875 871 Diruta
906 833 1027 885 igitur
1055 847 1153 882 arce,
1174 838 1213 872 et
1243 834 1419 872 omnibus

70 897 234 948 captivis
268 897 508 945 venundatis,
548 896 641 936 Sabi
673 897 776 948 regis
813 897 907 935 fines
939 897 1135 948 ingressus
1164 902 1235 947 cst,
1270 897 1420 935 multis-

69 974 143 1012 que
176 960 328 1011 oppidis
365 961 405 998 in
443 961 558 998 fidem
596 960 776 1011 acceptis,
808 960 1087 998 validissimam
1123 961 1248 1013 gentis
1283 961 1419 999 urbem

70 1023 247 1062 cuniculo
276 1023 388 1074 cepit.
447 1023 634 1062 Barbaris
665 1023 816 1061 ⁹simile
835 1024 997 1062 monstri
1017 1024 1142 1062 visum
1170 1029 1240 1075 est,
1258 1024 1420 1062 rudibus

70 1087 296 1125 militarium
316 1099 473 1136 operum
490 1100 498 1136 3
530 1087 673 1138 quippe
693 1087 733 1124 in
752 1087 880 1125 media
901 1088 1021 1126 ferme
1042 1088 1137 1126 urbe
1157 1088 1294 1126 armati
1315 1091 1421 1126 terra⁴

70 1150 300 1198 existebant,
324 1150 469 1188 ¹⁰nullo
498 1150 650 1188 suffossi
670 1153 810 1200 specus
838 1152 928 1188 ante
948 1151 1113 1203 vestigio
1132 1151 1246 1190 facto.
1307 1151 1422 1191 Octo·

70 1214 179 1265 ginta
197 1213 320 1252 millia
339 1213 526 1252 Indorum
542 1213 581 1251 in
602 1216 648 1251 ea
664 1213 820 1265 regione
841 1227 939 1252 caesa
956 1213 1176 1253 Clitarchus
1196 1220 1256 1253 est
1275 1221 1421 1263 auctor,

72 1277 288 1328 multosque
308 1277 480 1328 captivos
506 1278 529 1295 ¹¹
546 1276 618 1315 sub
637 1279 779 1315 corona
800 1277 827 1295 ¹²
840 1280 1004 1315 venisse.
1364 1266 1369 1270 ”

152 1342 213 1379 27.
244 1340 402 1378 Rursus
441 1340 635 1378 Musicani
670 1340 902 1388 defecerant,
937 1341 986 1378 ad
1022 1353 1119 1392 quos
1156 1341 1423 1392 opprimendos

72 1404 212 1442 missus
231 1409 291 1442 est
319 1403 476 1451 Pithon,
497 1404 564 1455 qui
592 1409 747 1454 captum
775 1404 985 1455 principem
1012 1405 1151 1456 gentis,
1173 1405 1423 1457 eumdemque

74 1467 300 1506 defectionis
320 1472 527 1515 auctorem,
547 1467 712 1505 adduxit
731 1467 782 1506 ad
811 1467 968 1520 Regem.
1027 1468 1112 1514 Quo
1133 1468 1356 1508 Alexander
1384 1469 1424 1507 in

74 1543 225 1568 crucem
257 1530 422 1578 sublato,
442 1543 575 1568 rursus
595 1543 756 1578 amnem,
787 1531 828 1568 in
847 1544 923 1582 quo
944 1531 1103 1570 classem
1132 1537 1355 1583 exspectare
1384 1545 1424 1570 se

80 1595 264 1644 jusserat,
285 1593 438 1643 repetit.
498 1592 646 1638 Quarto
668 1593 805 1631 deinde
827 1593 901 1641 die,
924 1594 1092 1636 seeundo
1120 1607 1230 1632 amne
1248 1595 1426 1645 pervenit

74 1658 122 1695 ad
151 1657 335 1707 oppidum
353 1656 430 1708 qua
464 1656 539 1694 iter
572 1656 611 1694 in
645 1669 805 1707 regnum
839 1661 923 1694 erat
958 1656 1060 1695 Sabi.
1117 1657 1254 1708 Nuper
1286 1671 1327 1696 se
1359 1658 1426 1696 ille

75 1720 290 1767 dediderat,
311 1720 378 1757 scd
398 1719 578 1770 oppidani
610 1719 881 1758 detrectabant
914 1720 1128 1770 imperium,
1150 1725 1189 1758 et
1208 1720 1435 1765 clauserant,

75 1788 216 1835 portas.
276 1782 448 1829 Quorum
474 1783 669 1834 paucitate
698 1786 930 1834 contempta,
953 1783 1041 1821 Rex
1061 1784 1290 1835 quingentos
1311 1784 1425 1835 Agri-

76 1860 168 1886 anos
187 1848 326 1885 moenia
346 1846 474 1885 subire
491 1849 673 1898 jusserat,
691 1852 730 1885 et
751 1848 894 1885 sensim
914 1847 1137 1885 recedentes
1157 1847 1294 1886 elicere
1314 1853 1427 1887 extra

77 1924 207 1950 muros
236 1911 398 1956 hostem,
433 1916 655 1950 secuturum
688 1911 872 1962 profecto,
906 1911 940 1949 si
972 1911 1106 1963 fugere
1141 1924 1206 1950 eos
1240 1911 1424 1951 erederet.

79 1975 243 2026 Agriani
262 1975 378 2024 (sicut
410 1974 640 2025 imperatum
676 1977 775 2025 crat)
806 1974 985 2012 lacessito
1017 1974 1138 2022 hoste,
1160 1974 1288 2012 subito
1319 1979 1428 2026 terga

78 2043 246 2086 vertunt,
276 2050 372 2088 quos
405 2038 572 2076 Barbari
605 2038 725 2076 effusi,¹
761 2042 979 2089 sequentes,
1001 2037 1041 2075 in
1072 2038 1181 2088 alios,
1200 2038 1301 2076 inter
1332 2051 1428 2090 quos

79 2102 159 2152 ipse
194 2100 282 2138 Rex
315 2106 410 2149 crat,
438 2101 624 2138 incidunt.
697 2101 899 2139 Renovato
931 2101 1022 2152 crgo
1055 2101 1202 2151 praelio,
1223 2115 1271 2140 ex
1301 2102 1428 2141 tribus

80 2164 252 2203 millibus
281 2163 542 2202 Barbarorum
575 2164 747 2202 sexcenti
781 2164 871 2202 caesi
899 2169 1000 2213 sunt,
1020 2164 1127 2202 mille
1161 2165 1277 2216 capti,
1297 2165 1429 2204 caeteri

81 2227 270 2266 moenibus
289 2227 397 2265 urbis
412 2227 562 2265 inclusi.
622 2227 645 2245 ¹³
661 2227 739 2266 Sed
768 2240 844 2266 non
872 2232 919 2265 ut
948 2227 1071 2279 prima
1092 2228 1218 2279 specie
1246 2229 1337 2267 laeta
1354 2229 1428 2267 vic·

83 2291 192 2339 toria,
214 2291 270 2328 ita
303 2296 463 2328 eventus
495 2303 643 2342 quoquc
672 2291 769 2328 fuit:
799 2291 940 2342 quippe
971 2291 1133 2330 Barbari
1152 2305 1299 2331 veneno
1331 2293 1429 2329 tinx-

82 2360 192 2394 erant
228 2353 388 2405 gladios.
464 2353 602 2405 Itaque
647 2354 767 2392 saucii
811 2354 974 2393 subinde
1013 2355 1271 2406 exspirabant.
1346 2355 1430 2393 Nec

83 2431 198 2456 causa
216 2423 294 2455 tam
317 2417 341 2435 ¹⁴
354 2423 520 2455 strenuae
541 2417 676 2455 mortis
696 2419 907 2469 excogitari
927 2423 1081 2469 poterat
1108 2432 1130 2456 a
1149 2418 1320 2466 medicis,
1341 2419 1431 2455 cum

87 2481 203 2520 etiam
232 2481 338 2520 leves
359 2481 482 2532 plaga:
502 2481 735 2520 insanabiles
755 2487 891 2520 essent.
952 2481 1156 2520 ¹⁵Barbari
1191 2487 1319 2519 autem
1350 2493 1427 2532 spe·
