1583 2680
435 191 593 217 Linssn
635 191 752 217 VI11.
795 191 905 216 car.
961 191 1038 216 111.
1303 173 1407 217 «183

72 294 157 320 sum
187 281 308 333 igitur
330 281 518 322 Oxartem
548 296 634 321 eum
663 287 784 321 matre
812 282 1031 334 liberisque,
1061 287 1099 321 et
1129 283 1248 321 totius
1279 296 1408 333 cogna-

72 346 191 383 tionis
209 359 325 397 grege
346 347 590 396 sequebatur,
610 359 658 384 ne
679 350 898 397 exspectato
917 346 1072 398 quidem
1092 346 1121 365 ²⁸
1132 347 1221 384 fidei
1240 347 1408 397 pignore,

71 409 172 460 quod
195 408 361 448 Oxartes
376 410 612 460 promiserat.

156 474 212 510 ll.
243 472 343 520 Rex,
375 473 507 524 equite
538 473 748 523 praemisso,
768 473 834 524 qui
862 473 1005 511 reverti
1024 486 1088 511 eos
1112 473 1278 523 juberet,
1300 486 1410 524 oppe-

71 535 215 586 ririque
244 536 487 586 praesentiam
519 536 652 586 ipsius,
673 537 699 554 ²⁹
715 536 947 586 supervenit,
969 541 1008 575 et
1025 537 1191 575 victimis
1222 537 1410 576 Minervae

71 611 115 635 ac
144 598 333 637 Victoriae
363 599 484 647 eaesis,
514 599 716 650 imperium
747 599 968 649 Sysimithri
995 600 1179 648 restituit,
1201 600 1226 618 ³⁰
1242 613 1307 651 spe
1337 615 1410 638 ma-

81 661 177 711 joris
211 662 326 699 etiam
358 662 566 712 provinciae
602 662 716 709 facta,
755 661 789 700 si
822 674 907 699 eum
938 662 1012 700 fide
1049 662 1255 700 amicitiam
1292 663 1411 713 ipsius

72 723 262 762 coluisset.
321 725 429 762 Duos
459 725 519 762 illi
555 727 715 775 juvenes
744 729 853 775 patre
886 725 1075 774 tradente,
1114 739 1241 764 secum
1276 727 1412 764 milita·

72 791 180 824 turos
211 787 318 838 sequi
344 788 475 837 jussit.
533 788 691 826 Relicta
720 788 857 826 deinde
886 787 1085 840 phalange,
1106 789 1155 826 ad
1183 789 1412 840 subigendos

72 849 139 900 qui
159 849 387 898 defecerant,
408 864 494 888 eum
524 851 652 902 equite
680 851 874 901 processit.
932 851 1113 889 Arduum
1131 856 1169 890 et
1188 852 1412 902 impeditum

74 913 178 950 saxis
208 913 283 951 iter
312 914 434 964 primo
453 914 476 931 ³¹
489 918 696 964 utcumque
724 913 947 952 tolerabant.
1005 913 1100 952 Mox
1130 927 1312 966 equorum
1338 928 1413 952 non

73 976 228 1027 ungulis
258 977 371 1015 modo
403 977 562 1024 attritis,
594 977 662 1014 sed
695 977 914 1027 corporibus
948 977 1062 1015 etiam
1091 978 1275 1029 fatigatis,
1307 978 1414 1029 sequi

73 1039 248 1090 plerique
277 1052 353 1077 non
382 1045 573 1090 poterant,
594 1044 634 1077 et
663 1039 788 1077 rarius
819 1040 980 1078 subinde
1001 1054 1133 1091 agmen
1152 1041 1278 1090 fiebat,
1298 1041 1413 1092 pudo-

73 1114 155 1139 rem
185 1100 210 1119 ³²
227 1101 288 1150 (ut
317 1101 397 1139 fere
431 1103 490 1152 fit)
523 1101 723 1139 immodico
753 1101 883 1139 labore
912 1102 1098 1140 vincente.
1167 1102 1256 1141 Rex
1286 1108 1415 1141 tamen

74 1164 235 1203 subinde
262 1177 378 1216 equos
410 1170 575 1212 mutans,
598 1164 679 1202 sine
713 1164 993 1202 intermissione
1023 1165 1214 1216 fugientes
1245 1167 1416 1217 inseque-

74 1228 198 1267 batur.
271 1227 434 1266 Nobiles
467 1228 628 1277 juvenes
665 1227 840 1266 comitari
880 1241 968 1266 eum
1005 1228 1111 1266 soliti
1147 1228 1172 1246 ⁸³
1186 1229 1414 1277 defecerant,

74 1296 215 1342 praeter
253 1291 502 1342 Philippum3
553 1291 774 1341 Lysimachi
819 1295 902 1329 erat
949 1291 1082 1340 frater,
1122 1294 1203 1330 tam
1248 1292 1416 1342 primum

76 1355 245 1403 adultus,
279 1359 320 1393 et
354 1355 458 1406 quod
493 1354 606 1392 facile
641 1359 853 1405 appareret,
885 1354 1026 1392 indolis
1058 1368 1167 1394 rarae.
1225 1355 1268 1393 Is
1300 1356 1417 1406 pedos

78 1418 319 1466 (incredibile
350 1418 470 1469 dictu)
490 1431 559 1468 per
590 1417 754 1456 ducenta
773 1418 898 1456 stadia
917 1418 943 1436 ³⁴
955 1422 1107 1457 vectum
1138 1419 1286 1470 Regem
1306 1419 1416 1457 comi-

77 1486 182 1518 tatus
200 1485 269 1529 est,
290 1493 390 1531 saepe
410 1494 549 1532 equum
568 1493 678 1518 suum
699 1481 876 1519 offerente
908 1481 1136 1531 Lysimacho
1154 1495 1162 1520 :
1191 1495 1260 1520 nec
1290 1487 1417 1519 tamen

79 1549 123 1581 ut
155 1543 421 1595 digrederetur
458 1557 480 1581 a
517 1543 625 1594 Rege
654 1543 750 1581 effici
786 1543 924 1594 potuit,
952 1545 1082 1582 ”eum
1109 1544 1230 1582 lorica
1260 1545 1418 1582 indutus

80 1619 185 1643 arma
202 1611 380 1656 gestaret.
438 1605 562 1653 Idem,
583 1606 672 1643 edm
690 1611 917 1655 perventum
937 1611 1038 1644 esset
1057 1607 1097 1644 in
1117 1607 1269 1655 saltum,
1289 1608 1327 1645 in
1343 1621 1418 1658 quo

81 1683 120 1707 sc
151 1669 315 1707 Barbari
345 1668 586 1716 abdiderant,
618 1668 786 1706 nobilem
823 1668 947 1706 edidit
982 1682 1159 1720 pugnam,
1197 1669 1418 1721 Regemquc

81 1733 254 1771 eominus
291 1745 377 1770 eum
415 1732 524 1770 hoste
561 1731 806 1769 dimicantem
838 1732 1019 1782 protexit.
1101 1732 1178 1772 Sed
1214 1735 1418 1784 postquam

82 1796 246 1834 Barbari
281 1796 322 1833 in
358 1796 488 1846 fugam
518 1795 628 1832 effusi
665 1794 868 1832 deseruere
907 1795 1044 1845 sylvas,
1083 1796 1242 1846 animus,
1278 1797 1344 1847 qui
1380 1797 1417 1834 in

82 1860 217 1898 ardore
237 1871 376 1909 pugnae
391 1871 529 1908 eorpus
545 1862 840 1906 sustentaverat,
861 1858 997 1909 liquit:
1019 1859 1223 1911 subitoque
1238 1873 1286 1897 ex
1306 1860 1408 1897 omni

83 1923 155 1962 bus
185 1921 365 1960 membris
401 1921 559 1972 profuso
591 1914 741 1969 sudore,
775 1921 922 1959 arboris
963 1921 1148 1972 proxima-2
1185 1923 1309 1973 stipiti
1346 1922 1420 1961 8“se

83 1985 280 2037 applicuit.
352 1984 517 2033 Deinde,
550 1997 598 2022 ne
631 1984 699 2022 illo
736 1984 890 2035 quidem
928 1984 1158 2023 adminiculo
1197 1986 1409 2023 sustinente

83 2049 259 2087 manibus
289 2048 411 2098 Regis
440 2052 622 2098 exceptus
652 2052 734 2097 est;
765 2047 867 2085 inter
896 2060 991 2099 quas
1019 2048 1208 2099 collapsus
1239 2049 1410 2099 extingui

86 2117 161 2149 tur.
219 2110 403 2148 Moestum
433 2110 582 2162 Regem
614 2110 713 2148 alius
742 2110 846 2148 haud
878 2109 973 2149 levis
994 2110 1102 2149 dolor
1121 2112 1280 2162 excepit.
1340 2111 1422 2150 Eri-

85 2175 196 2225 gyius
226 2174 328 2212 inter
358 2173 480 2212 claros
499 2174 615 2212 duces
644 2174 782 2222 fuerat,
802 2186 915 2224 quem
945 2173 1158 2212 extinctum
1187 2187 1280 2223 esse,
1309 2175 1424 2225 paulo

86 2239 175 2276 ante
194 2238 309 2288 quain
327 2241 583 2275 reverteretur
610 2237 651 2274 in
677 2242 814 2284 eastra,
835 2237 1022 2287 cognovit.
1079 2237 1291 2289 Utriusque
1311 2239 1423 2275 funus

87 2301 189 2339 omni
209 2305 392 2350 apparatu
411 2304 523 2350 atque
537 2299 678 2338 honore
698 2300 931 2338 celebratum
952 2305 1021 2338 est.

169 2363 253 2402 III.
290 2365 345 2400 12.
385 2362 515 2400 Dahas
552 2362 689 2400 deinde
739 2367 930 2401 statuerat
974 2368 1126 2413 petere:
1175 2364 1228 2401 ibi
1265 2376 1425 2412 namque

89 2427 347 2478 Spitamenem
380 2437 462 2463 esse
497 2429 733 2474 cognoverat.
793 2425 894 2464 ¹Sed
922 2425 1018 2463 hanc
1045 2439 1194 2476 quoque
1223 2424 1426 2474 expeditio-

92 2503 189 2538 nem,
209 2494 253 2527 ut
272 2489 452 2540 pleraque
472 2487 557 2535 alia,
570 2487 736 2536 fortuna,
752 2488 984 2539 indulgendo
998 2488 1033 2526 ei
1053 2501 1243 2538 nunquam
1256 2487 1426 2538 fatigata,
