1583 2680
440 167 601 192 mann
644 167 735 192 vrr.
779 167 890 192 CAP.
935 167 1003 194 VI.
1325 155 1392 194 161

50 258 187 310 Itaque
221 261 291 296 sua
325 263 458 309 sponte
492 261 573 309 jam
602 263 739 308 motos,
771 262 877 297 metu
909 271 1032 309 poena)
1063 258 1166 296 haud
1194 258 1396 297 difficulter

48 322 338 360 concitaverunt
356 322 404 359 ad
424 336 539 360 arma.
596 322 832 371 Alexander,
862 322 1149 372 transfugarum
1183 321 1394 360 defectione

47 387 254 435 comperta,
284 383 487 423 Craterum
517 384 694 423 obsidere
727 384 948 435 Cyropolim
974 385 1095 434 jubet.
1156 384 1248 435 Ipse
1277 385 1392 422 aliam

46 447 179 485 urbem
209 443 380 498 regionis*
407 447 580 496 ejusdem
614 449 753 485 corona.
784 447 909 498 capit:
939 447 1123 498 signoque
1154 452 1198 484 ut
1228 447 1393 498 puberes

46 510 368 558 interficerentur,
390 510 493 560 dato,
513 510 653 561 reliqui
672 511 711 548 in
730 510 898 561 praedam
917 513 1064 548 cessere
1083 510 1252 548 victoris.
1287 510 1392 549 Urbs

46 573 177 611 diruta
196 578 267 622 est,
287 578 331 610 ut
361 573 489 612 caeteri
520 573 640 611 cladis
661 575 743 624 ejus
764 573 937 624 exemplo
958 573 1252 612 continerentur.
1311 574 1389 612 Me-

44 636 200 686 maceni,
231 636 358 674 valida
387 649 492 687 genS,
524 637 772 685 obsidionem,
801 649 876 674 non
903 641 949 674 ut
975 636 1232 675 honestiorem
1259 636 1389 685 modo,

44 699 111 736 sed
143 699 258 737 etiam
286 704 331 736 ut
364 699 544 737 tutiorem
578 700 679 737 ferre
710 700 966 738 decreverant.
1024 699 1091 737 Ad
1118 713 1280 751 quorum
1307 713 1389 750 per-

44 762 225 799 tinaciam
261 762 515 812 mitigandam
553 762 642 801 Rex
685 762 962 814 quinquaginta
998 763 1147 814 equites
1192 763 1388 813 praemisit,

42 825 109 875 qui
147 825 386 862 clementiam
423 826 546 876 ipsius
590 826 630 863 in
677 825 840 873 deditos,
880 825 1068 876 simulque
1114 826 1388 864 inexorabilem

43 887 211 925 animum
243 889 284 926 in
317 888 488 926 devictos
523 888 779 926 ostenderent.
837 888 906 926 Illi
942 901 1012 926 nec
1041 888 1089 926 de
1126 888 1212 937 fide,
1243 902 1312 926 nec
1341 888 1389 926 de

42 951 216 1001 potentia.
236 951 357 1002 Regis
376 952 479 1002 ipsos
500 951 677 990 dubitare
705 951 948 1002 respondent,
977 951 1203 1003 equitesque
1232 952 1389 990 tendere

42 1018 152 1051 extra
169 1015 407 1052 munimenta
424 1014 532 1052 urbis
548 1015 696 1063 jubent.
756 1014 1019 1064 Hospitaliter
1039 1014 1176 1052 deinde
1197 1020 1388 1065 exceptos,

40 1089 252 1128 gravesque
287 1077 412 1127 epulis
449 1081 488 1114 et
525 1089 667 1127 somno,
697 1077 930 1127 intempesta
963 1082 1075 1115 nocte
1112 1077 1239 1115 adorti
1275 1078 1389 1116 inter-

40 1140 224 1178 fecerunt.

120 1205 181 1241 26.
213 1203 437 1241 Alexander
466 1203 570 1240 haud
600 1204 711 1240 seclis
742 1203 858 1254 quam
887 1216 955 1253 par
985 1207 1068 1241 erat
1098 1208 1235 1252 motus,
1255 1204 1388 1242 urbem

41 1268 181 1304 corona.
209 1265 476 1314 circumdedit,
496 1266 743 1304 munitiorem
773 1267 889 1317 quam
919 1270 965 1303 ut
993 1266 1119 1316 primo
1139 1266 1286 1316 impetu
1305 1267 1389 1317 capi

40 1333 179 1379 posset.
236 1328 375 1380 Itaque
409 1328 648 1379 Meleagrum
679 1332 718 1366 et
749 1328 974 1366 Perdiccam
1003 1329 1042 1366 in
1063 1328 1259 1367 obsidione
1287 1331 1389 1379 [ejus

41 1391 248 1443 relinquit;
278 1392 359 1443 ipse
379 1405 466 1429 cum
493 1391 652 1443 reliquis
681 1392 888 1442 profectus,
909 1391 1063 1430 Crateri
1091 1405 1242 1443 quoque
1262 1392 1390 1443 copias

41 1454 139 1503 suis]
174 1455 315 1505 jungit,
356 1454 587 1505 Cyropolim,
627 1455 686 1503 (ut
723 1456 812 1492 ante
859 1455 1005 1493 dictum
1043 1461 1117 1506 est)
1156 1455 1386 1494 obsidentes,

43 1517 243 1556 Statuerat
273 1522 401 1555 autem
430 1531 586 1567 parcere
617 1518 706 1556 urbi
736 1517 901 1556 conditae
932 1531 955 1556 a.
986 1518 1116 1569 Cyro:
1145 1519 1285 1570 quippe
1315 1532 1389 1556 non

43 1580 162 1618 alium
198 1580 372 1631 gentium
409 1580 565 1618 illarum
608 1580 731 1631 magis
769 1580 981 1632 admiratus
1019 1586 1090 1629 est,
1128 1582 1244 1632 quam
1289 1581 1389 1619 hunc

44 1643 193 1695 Regem
221 1648 262 1681 et
293 1642 543 1690 Semiramim,
564 1655 660 1693 quos
689 1647 728 1680 et
761 1643 1023 1693 magnitudine
1057 1644 1186 1691 animi,
1208 1649 1248 1682 et
1280 1644 1388 1682 clari·

42 1711 122 1745 tate
154 1719 282 1744 rerum
312 1705 425 1756 longe
457 1706 656 1744 emicuisse
688 1705 878 1744 credebat.
951 1705 1147 1745 Coeteri'lm
1179 1707 1387 1757 pertinacia

43 1769 320 1820 oppidanorum
357 1771 440 1819 ejus
485 1769 581 1806 iram
628 1769 812 1806 accendit.
889 1769 1028 1820 Itaque
1066 1774 1216 1820 captam
1256 1770 1388 1811 urbem

44 1833 160 1883 diripi
174 1833 291 1883 jussit
309 1837 349 1870 et
369 1832 502 1870 deleri.
549 1832 660 1880 Tum,
675 1833 910 1871 Memacenis
928 1833 1031 1871 haud
1051 1833 1194 1883 injuria
1214 1833 1388 1882 infestus,

42 1896 92 1934 ad
123 1895 363 1946 Meleagrum
392 1901 431 1932 et
463 1895 688 1933 Perdiccam
715 1895 827 1934 redit.
887 1896 964 1935 Sed
992 1909 1068 1934 non
1097 1896 1172 1934 alia
1199 1896 1290 1935 urbs
1317 1898 1388 1935 for-

43 1959 119 1997 tiiss
138 1959 375 1997 obsidionem
394 1958 510 2008 tulit;
541 1959 683 2010 quippe
703 1964 743 1997 et
772 1959 975 1997 ²⁰militum
1002 1960 1278 2010 promptissimi
1297 1960 1388 1998 ceci-

44 2022 148 2071 dere,
179 2026 219 2059 ct
254 2021 336 2072 ipse
369 2021 459 2060 Rex
489 2021 538 2060 ad
566 2022 747 2060 ultimum
783 2022 997 2073 periculum
1026 2023 1143 2061 venit.
1214 2023 1389 2075 Namque

44 2088 173 2124 cervix
203 2085 286 2134 ejus
319 2097 411 2123 saxo
430 2085 488 2123 ita
518 2085 597 2124 icta
629 2090 700 2134 est,
720 2091 765 2124 ut
784 2085 903 2124 oculis
934 2086 1098 2137 caligine
1127 2086 1251 2124 offusa
1279 2086 1388 2124 colla-

45 2149 209 2195 beretur,
231 2148 254 2165 ¹¹
270 2160 319 2185 ne
346 2148 485 2186 mentis
515 2149 669 2200 quidem
700 2162 863 2200 compos,
922 2149 1129 2187 Exercitus
1158 2150 1263 2188 certe
1283 2149 1390 2188 velut

46 2216 177 2261 erepto
209 2223 252 2248 eo
272 2210 470 2261 ingemuit.
527 2211 605 2251 Sed
634 2212 801 2251 invictus
831 2211 1014 2250 adversus
1043 2226 1088 2251 ea
1117 2226 1203 2264 quoe
1231 2218 1389 2252 caeteros

46 2279 206 2321 terrent,
227 2274 396 2312 nondum
416 2275 443 2292 ¹²
458 2281 660 2325 percurato
672 2276 842 2326 vulnere,
861 2277 991 2314 acrius
1012 2276 1202 2323 obsidioni
1221 2277 1386 2324 institit3

45 2337 261 2375 naturalem
282 2336 306 2354 ¹³
321 2336 557 2376 celeritatem
583 2339 643 2376 ira
661 2340 886 2378 concitante.
957 2339 1144 2378 Cuniculo
1164 2341 1253 2389 ergo
1277 2339 1299 2357 ¹⁴
1312 2339 1387 2375 suf-

46 2400 150 2438 fossa
196 2400 334 2438 moenia
371 2400 505 2452 ingens
541 2401 732 2442 nudavere
769 2403 949 2455 spatium,
987 2417 1055 2454 per
1091 2403 1194 2454 quod
1238 2402 1386 2452 irrupit,

47 2464 243 2515 victorque
262 2463 395 2502 urbem
415 2463 515 2502 dirui
532 2465 659 2514 jussit.
