1583 2680
111 144 184 181 180
572 155 755 187 QUINTI
791 156 978 182 cun'ru

100 247 259 286 ultimus
279 249 360 286 sine
379 247 520 286 lumine
539 247 677 286 exibat.
737 247 859 294 Quem
887 248 985 297 Rex,
1005 248 1177 300 quisnam
1204 254 1313 298 esset,
1333 249 1433 289 inter

98 315 219 362 rogat.
277 311 302 328 ⁴¹²
317 311 524 349 Eminebat
543 311 658 348 etiam
686 311 727 348 in
745 324 837 349 voce
860 311 1022 360 sceleris,
1042 312 1145 363 quod
1162 312 1331 362 parabat,
1351 318 1432 351 atro

98 374 203 412 citas
278 374 333 412 Et
362 374 429 411 ille
458 375 538 424 jam
567 387 643 411 non
673 387 763 422 suae,
783 373 849 412 sed
878 374 1001 425 Regis
1029 374 1099 413 irae
1126 387 1279 424 memor,
1301 375 1445 426 Clitum

98 449 191 486 esse,
212 442 251 476 et
270 437 317 475 de
336 437 508 475 convivio
527 437 632 475 exire
651 437 856 487 respondit.
913 437 1012 476 Haec
1040 437 1198 476 dicentis
1217 438 1318 476 latus
1336 439 1447 476 hasta

99 498 302 549 transfixit,
335 501 604 551 morientisque
634 500 818 552 sanguine
849 513 1036 550 aspersus,
1067 501 1124 539 “I
1153 502 1291 550 nune,’'
1311 502 1447 553 inquit,¹

99 565 120 584 “
137 562 186 600 ad
205 563 442 614 Philippum,
459 568 498 601 et
516 563 820 611 Parmenionem,
840 567 879 600 et
899 563 1114 602 Attalum.”

178 625 236 664 II.
268 629 301 665 7.
334 626 462 664 ¹Male
499 626 677 664 humanis
714 625 877 677 ingeniis
921 631 1061 664 natura
1106 626 1309 674 consuluit,
1346 627 1448 677 quiid

97 688 319 741 plerumque
355 703 431 727 non
467 690 608 737 futura,
635 689 703 727 sed
739 694 931 727 transacta
966 689 1244 739 perpendimus.
1301 688 1448 739 Quippe

98 752 186 790 Rex
203 755 403 803 postquam
430 753 490 790 ira
516 757 643 789 mente
674 752 897 800 decesserat,
916 752 1031 789 etiam
1058 751 1248 789 ebrietate
1262 751 1447 800 discussa,

97 816 399 866 magnitudinem
426 815 606 852 facinoris
624 815 636 831 ²
651 817 738 852 sera
766 814 1020 852 aestimatione
1039 815 1246 865 perspexit.
1305 816 1317 833 ³
1331 814 1449 853 Vide-

98 878 175 926 bat,
207 883 297 916 tunc
333 877 536 915 immodica
567 877 745 915 libertate
780 877 952 926 abusum,
977 877 1044 915 sed
1077 877 1220 928 alioqui
1257 878 1450 930 egregium

98 941 211 990 bello,
244 942 380 989 virum,
401 945 449 989 et,
469 940 545 977 nisi
578 940 813 979 erubesceret
841 940 968 988 fateri,
996 945 1230 979 servatorem
1258 941 1330 990 sui,
1357 941 1450 979 ocei-

99 1018 192 1043 sum.
267 1004 506 1043 Detestabile
543 1004 731 1042 carnificis
766 1003 1022 1041 ministerium
1067 1009 1316 1054 occupaverat
1351 1005 1449 1052 Rex,

98 1068 303 1107 verborum
321 1068 529 1116 licentiam,
549 1081 634 1119 quae
659 1067 750 1106 vino
778 1071 929 1118 poterat
949 1067 1144 1118 imputari,
1163 1067 1328 1105 nefanda
1347 1067 1449 1106 caede

98 1132 213 1171 ultus.
270 1131 456 1169 Manabat
484 1135 566 1168 toto
597 1129 788 1169 vestibulo
818 1142 930 1168 cruor
962 1129 1102 1180 4paulo
1135 1129 1224 1166 ante
1257 1130 1448 1169 convivae:

98 1196 232 1247 vigiles
252 1194 408 1232 attoniti
435 1198 473 1232 et
501 1193 742 1244 stupentibus
771 1193 915 1231 similes
941 1193 1072 1243 procul
1092 1192 1255 1241 stabant,
1275 1193 1449 1231 ‘’liberio-

98 1272 251 1310 remque
281 1257 546 1309 poenitentiam
578 1257 743 1295 solitudo
777 1256 1003 1307 excipiebat.
1079 1256 1184 1308 Ergo
1215 1256 1366 1295 hastam
1403 1270 1450 1295 ex

99 1335 251 1372 corpore
268 1321 431 1372 jacentis
450 1320 620 1358 evulsam
638 1320 794 1357 retorsit
813 1319 853 1356 in
880 1323 1019 1357 semet:
1047 1320 1201 1370 jamque
1228 1320 1451 1358 admoverat

98 1384 256 1437 pectori,
277 1386 367 1422 esim
397 1383 578 1422 advolant
595 1383 745 1434 vigiles,
765 1386 804 1420 et
834 1382 1061 1434 repugnanti
1088 1395 1109 1420 e
1135 1383 1308 1421 manibus
1327 1388 1450 1421 extor-

99 1454 228 1500 quent,
265 1448 542 1498 allevatumque
579 1446 620 1484 in
655 1445 944 1484 tabernaculum
981 1445 1170 1483 deferunt.
1227 1446 1307 1484 Ille
1343 1447 1451 1485 humi

100 1516 338 1563 postraverat
374 1524 531 1561 corpus3
561 1509 708 1561 gemitu
736 1509 955 1560 ejulatuque
982 1508 1194 1547 miserabili
1226 1511 1308 1547 tota
1326 1522 1446 1560 perso-

100 1580 215 1613 nante
246 1574 362 1625 regifi.
419 1573 585 1610 Laniare
622 1571 759 1610 deinde
796 1584 839 1609 os
865 1570 1070 1623 unguibus,
1099 1576 1138 1608 et
1165 1571 1452 1610 circumstantes

102 1652 237 1690 rogare
256 1651 302 1676 ne
322 1650 362 1675 se
380 1641 488 1674 tanto
521 1635 694 1674 dedecori
714 1635 960 1686 superstitem
988 1647 1068 1672 esse
1096 1639 1332 1685 paterentur.
1388 1635 1452 1673 In-

101 1708 160 1741 ter
178 1702 247 1740 has
259 1713 390 1752 preces
403 1705 488 1738 tota
506 1713 583 1738 nox
602 1700 614 1717 ⁶
627 1703 800 1737 extracta
819 1703 900 1737 est:
947 1702 1268 1749 scrutantemque,
1288 1711 1378 1736 num
1391 1698 1452 1736 irxi

102 1767 268 1805 Deorum
287 1765 336 1804 ad
354 1770 505 1803 tantum
531 1764 639 1802 nefas
660 1768 768 1801 actus
795 1767 905 1811 esset,
925 1763 936 1780 ⁷
951 1762 1054 1801 subit
1074 1761 1376 1800 anniversarium
1397 1775 1452 1800 sa-

102 1831 284 1869 crificium
305 1829 445 1868 Libero
464 1828 566 1879 patri
585 1840 660 1865 non
680 1839 761 1864 esse
789 1825 984 1864 redditum
1012 1830 1112 1863 stato
1138 1830 1316 1875 tempore.
1374 1825 1452 1863 Ita-

102 1907 173 1945 que
190 1894 290 1932 inter
308 1892 440 1931 vinum
463 1896 501 1929 ct
519 1889 652 1941 epulas
672 1889 773 1927 caede
802 1888 1014 1936 commissit,
1034 1888 1131 1925 iram
1150 1887 1223 1926 Dei
1241 1888 1360 1926 fuisse
1378 1901 1452 1926 ma-

103 1958 290 1995 nifestam.

186 2023 220 2057 8.
250 2019 260 2036 ⁶
275 2018 464 2057 Caeterum
484 2016 606 2068 magis
625 2017 669 2054 eo
688 2014 922 2062 movebatur,
941 2012 1043 2064 quod
1062 2013 1227 2052 omnium
1247 2014 1455 2053 amicorum

106 2082 252 2120 animos
271 2082 426 2120 videbat
445 2081 653 2119 attonitos:
682 2079 871 2116 neminem
886 2090 970 2115 cum
990 2077 1070 2127 ipso
1086 2077 1229 2115 sociare
1245 2091 1455 2116 sermonem

106 2147 239 2196 postea
273 2158 467 2184 ausurum.
524 2143 771 2182 “vivendum
802 2154 882 2180 esse
917 2141 955 2178 in
989 2140 1210 2190 solitudine,
1230 2141 1336 2180 velut
1364 2141 1457 2180 ferte

107 2209 241 2249 bestiae
262 2210 285 2226 ¹¹²
299 2208 457 2246 terrenti
479 2207 585 2255 alias,
606 2207 702 2244 alias
721 2205 879 2244 timenti.
920 2204 1053 2242 Prima
1074 2204 1210 2242 deinde
1231 2204 1315 2243 luc-e
1334 2204 1455 2243 taber-

108 2272 244 2311 naculo
263 2285 410 2322 corpu&
430 2271 527 2310 sicut
557 2270 679 2308 adhue
698 2274 893 2308 cruentum
915 2274 1009 2316 erat,
1037 2269 1153 2318 jussit
1172 2268 1316 2307 inferri.
1374 2268 1457 2314 Quo

110 2336 234 2387 posito
267 2341 356 2373 ante
387 2335 522 2385 ipsum,
561 2333 779 2384 ”lacrymis
807 2332 962 2379 obortis,
993 2335 1014 2352 “
1032 2331 1181 2380 Hanc,'’
1202 2331 1338 2383 inquit,
1359 2335 1380 2353 “
1395 2344 1458 2369 nu-

113 2400 200 2438 trici
230 2412 324 2437 mea}
351 2398 514 2450 gratiam
547 2397 673 2444 retuli,
705 2397 812 2446 eujus
843 2395 917 2433 duo
947 2394 1018 2433 filii
1048 2394 1149 2445 apud
1180 2395 1359 2433 Miletum
1390 2406 1459 2444 pro

114 2466 194 2501 mea
210 2462 333 2515 gloria
348 2460 556 2500 occubui-ro
571 2465 752 2509 niortc1n3
776 2459 836 2497 hic
855 2459 984 2507 frater,
997 2457 1149 2496 unicum
1169 2456 1347 2496 orbitatis
1365 2455 1448 2494 sola
