1583 2680
182 169 258 206 238
646 179 831 212 QUINTI
873 179 1056 205 CURTII

183 277 372 321 raverant,
393 273 589 311 incautum
609 276 648 311 et
668 272 911 311 temerarium
927 272 1076 324 Regem
1097 271 1122 290 ²⁶
1135 271 1260 323 excipi
1279 283 1400 323 posse.
1434 271 1460 290 ¹⁷
1474 271 1530 310 Et

184 337 283 375 forte
303 337 405 374 inter
425 337 731 387 promptissimos
753 337 951 385 dimicans,
973 337 1143 374 intactus
1165 341 1350 375 evaserat.

264 403 325 439 28.
369 400 570 451 Praecipue
606 400 853 448 Ptolemaeus‚
887 400 983 438 laevo
1017 400 1174 438 humero
1207 400 1344 438 leviter
1376 398 1531 450 quidem

185 463 348 514 saucius,
371 463 440 501 sed
474 463 497 481 ²³
512 465 656 513 majore
689 463 860 513 periculo
881 465 999 514 quam
1028 463 1185 501 vulnere
1216 463 1387 511 affectus,
1408 461 1532 505 Regis

185 526 483 564 sollicitudinem
513 526 551 563 in
582 539 622 564 se
654 531 906 564 converterat.
964 526 1158 577 Sanguine
1187 527 1415 576 conjunctus
1436 529 1531 569 erat,

185 594 224 627 et
256 590 410 640 quidam
447 590 629 640 Philippo
662 590 836 641 genitum
870 603 952 628 esse
986 590 1215 639 eredebant,
1258 591 1360 628 cert&
1395 589 1532 639 pellice

185 654 267 703 ejus
288 658 415 691 ortum
439 653 650 692 constabat.
709 653 821 691 Idem
849 653 1017 703 corporis
1047 658 1188 700 custos,
1208 653 1532 703 promptissimus-

184 730 257 768 que
277 717 452 765 bellator,
474 722 512 754 et
531 717 635 767 pacis
666 716 824 764 artibus,
845 717 962 767 quam
992 716 1144 753 militiae
1171 717 1294 765 major
1314 720 1353 753 et
1381 715 1530 763 clarior,

188 780 372 817 ¹⁰m0dic0
406 780 585 831 civilique
613 780 732 827 cultu,
753 779 925 817 liberalis
960 779 1148 829 imprimis
1181 779 1370 830 adituque
1396 779 1533 827 facilis,

183 843 282 880 nihil
301 857 349 881 ex
369 844 473 880 fastu
500 843 606 893 regio
628 847 897 893 assumpserat.
959 842 1021 882 Ob
1041 843 1122 881 haec
1143 842 1246 894 Regi
1267 856 1315 880 an
1343 842 1532 893 populari-

183 907 254 945 bus
275 907 396 944 carior
415 910 516 944 esset
536 905 705 944 dubitari
724 910 900 956 poterat:
931 910 1014 943 tum
1034 905 1137 943 certe
1157 906 1327 956 primum
1348 911 1532 956 expertus

184 984 335 1007 suorum
357 970 513 1018 animos,
535 969 631 1007 adeo
665 974 710 1006 ut
738 969 946 1016 fortunam,
967 969 1007 1007 in
1039 983 1154 1021 quam
1183 975 1317 1020 postea
1345 969 1531 1018 ascendit,

183 1034 221 1071 in
253 1033 320 1071 illo
353 1033 522 1084 periculo
557 1032 791 1070 Macedones
811 1033 970 1071 ominati
999 1046 1082 1071 csse
1101 1033 1319 1071 videantur.
1379 1032 1532 1083 Quippe

182 1111 256 1135 non
276 1097 398 1136 levior
417 1097 497 1134 illis
518 1096 723 1135 Ptolemaei
742 1097 819 1134 fuit
839 1110 941 1145 cura,
962 1098 1078 1148 quam
1098 1097 1223 1148 Regi;
1253 1097 1320 1147 qui
1340 1101 1379 1134 et
1397 1096 1530 1146 praelio

183 1165 222 1198 et
242 1160 502 1198 sollicitudine
523 1159 709 1210 fatigatus
739 1172 825 1196 cum
856 1159 1069 1197 Ptolemaeo
1099 1159 1296 1207 assideret,
1317 1158 1471 1209 lectum,
1491 1159 1531 1196 in

183 1237 258 1275 quo
278 1224 359 1274 ipse
393 1223 663 1274 acquiesceret,
691 1223 811 1273 jussit
831 1223 975 1261 inferri.
1034 1223 1084 1260 In
1115 1236 1228 1274 quem
1247 1228 1293 1260 ut
1313 1236 1352 1261 sc
1372 1223 1530 1275 recepit,

181 1288 360 1337 protinus
394 1287 420 1304 ²⁰
433 1286 548 1324 altior
581 1287 775 1324 insecutus
810 1291 869 1323 est
902 1299 1065 1324 somnus
1125 1286 1189 1324 Ex
1216 1299 1292 1337 quo
1324 1287 1528 1336 excitatus,

180 1363 248 1399 per
276 1350 445 1401 quietem
471 1349 614 1387 vidisse
648 1362 688 1387 se
722 1349 880 1399 exponit
913 1349 1077 1400 speciem
1111 1349 1288 1387 draconis
1321 1349 1530 1388 ”oblatam

180 1414 338 1452 herbam
357 1407 516 1451 ferentis
538 1426 614 1461 ore,
636 1425 750 1463 quam
769 1413 906 1450 veneni
926 1413 1137 1450 remedium
1158 1426 1239 1451 esse
1259 1417 1527 1452 monstrasset.

183 1476 360 1515 Colorem
380 1477 531 1528 quoque
561 1476 692 1514 herbae
721 1476 926 1524 referebat,
956 1476 982 1494 ²²
997 1476 1230 1527 agniturum,
1252 1477 1284 1514 si
1311 1479 1398 1528 quis
1426 1491 1531 1528 repe-

181 1541 308 1588 risset,
330 1540 540 1588 affirmans3
572 1539 841 1589 inventamque
876 1539 1027 1589 deinde,
1047 1539 1186 1590 quippe
1207 1553 1228 1576 a
1248 1540 1382 1578 multis
1415 1541 1530 1579 simul

181 1609 264 1642 erat
293 1598 491 1654 requisita,
522 1602 674 1641 vulneri
707 1602 914 1652 imposuit:
955 1603 1213 1654 protinusque
1247 1603 1378 1642 dolore
1408 1605 1528 1653 finito,

180 1669 279 1705 intra
309 1668 424 1706 breve
455 1667 624 1717 spatium
644 1666 806 1704 cicatrix
824 1667 974 1718 quoque
1008 1666 1174 1705 obducta
1208 1673 1275 1705 cst.
1334 1668 1529 1706 Barbaros

178 1737 220 1768 nt
241 1731 364 1782 prima
380 1744 465 1781 spes
486 1730 691 1778 fefellerat,
712 1730 858 1780 scipsos
877 1730 1087 1782 urbemque
1119 1731 1362 1769 dediderunt.
1423 1732 1529 1770 Hinc

179 1796 216 1832 in
250 1795 464 1845 proximam
494 1799 647 1845 gentem
679 1793 897 1832 Pataliam
930 1800 1158 1844 perventum
1193 1800 1262 1832 est.
1322 1795 1410 1833 Rex
1444 1801 1528 1833 erat

181 1859 326 1906 Moeris,
365 1859 432 1910 qui
478 1859 573 1896 urbe
613 1857 767 1895 deserta
805 1858 845 1895 in
882 1863 1032 1895 montes
1069 1859 1307 1908 profugerat.
1384 1859 1526 1910 Itaque

178 1923 400 1960 Alexander
421 1922 559 1973 oppido
588 1922 748 1972 potitur,
770 1933 956 1971 agrosque
977 1921 1193 1971 populatur.
1254 1922 1407 1972 Magna>
1437 1923 1526 1961 inde

177 1987 316 2035 praedae
338 1991 433 2024 actoe
454 1990 544 2023 sunt
562 1997 741 2035 pecorum
771 1989 1114 2035 armentorumque,
1135 1998 1274 2035 inagna
1292 1986 1352 2023 vis
1372 1992 1526 2037 reperta

176 2050 370 2087 frumenti.
429 2049 605 2087 Ducibus
635 2047 770 2086 deinde
792 2047 957 2097 sumptis
977 2048 1099 2085 amnis
1120 2049 1268 2099 peritis,
1291 2049 1454 2087 defluxit
1474 2051 1524 2088 ad

177 2113 339 2150 insulam
359 2113 482 2151 medio
504 2113 622 2150 ferme
645 2112 752 2150 alveo
773 2112 797 2128 ²¹
811 2116 974 2148 enatam.

255 2176 329 2214 IX.
362 2180 422 2214 29.
455 2176 517 2214 Ibi
539 2176 688 2213 diutius
709 2175 917 2213 subsistere
938 2181 1105 2223 coactus,
1129 2177 1242 2227 ¹quia
1262 2177 1378 2215 duces
1399 2191 1521 2216 socor-

175 2240 264 2277 dius
312 2240 496 2277 asservati
534 2239 794 2289 profugerant,
833 2239 939 2275 misit
975 2240 1041 2290 qui
1080 2241 1350 2291 conquirerent
1396 2241 1518 2280 alios:

173 2305 265 2341 '‘nec
311 2303 487 2353 repertiS,
527 2303 707 2352 pervicax
745 2303 883 2352 cupido
923 2303 1080 2341 incessit
1117 2305 1267 2342 visendi
1309 2305 1517 2353 Oceanum,

174 2367 413 2418 adeundique
444 2367 624 2403 terminos
654 2366 808 2414 1nundi3
840 2372 883 2403 ut
905 2367 985 2403 sino
1015 2367 1182 2418 regionis
1204 2368 1350 2418 peritis,
1372 2369 1518 2406 flumini

174 2432 302 2481 ignoto
333 2436 448 2480 caput
486 2444 609 2476 suum,
642 2435 772 2480 totquc
808 2430 1103 2468 fortissimorum
1136 2432 1304 2470 virorum
1340 2432 1516 2480 salutem,

174 2495 421 2546 permitteret.
483 2493 727 2544 Navigabant
758 2494 1148 2545 Ol·g‹'‘,0111niu1n,p0r
1178 2509 1264 2546 quae
1297 2495 1516 2534 ferebantur
