1583 2680
152 147 223 182 248
593 153 787 184 QUINTI
833 151 1024 178 cUR'rrl

143 248 426 300 Polydamanta
455 247 601 298 requiri
629 246 752 297 jubet.
811 244 1032 283 Diversoria
1060 242 1228 293 regionis
1256 241 1362 280 illius
1381 253 1478 290 mag-

141 325 210 350 nos
242 323 414 349 recessus
447 310 598 357 habent,
633 321 872 358 amoenosque
905 306 1123 344 nemoribus
1160 318 1275 343 manu
1311 303 1480 342 consitis.

144 375 203 412 Ea
234 374 427 424 praecipue
449 373 603 422 Regum
635 371 958 421 Satraparumque
977 369 1154 419 voluptas
1185 372 1276 406 erat.
1334 366 1484 416 Spatia-

141 437 257 476 batur
287 437 327 473 in
356 448 508 473 nemore
540 434 754 481 Parmenio,
774 432 924 476 medius
954 432 1054 469 inter
1084 431 1212 480 duces,
1231 430 1371 481 quibus
1402 432 1486 466 erat

142 499 371 549 imperatum
390 497 534 535 litteris
554 496 686 546 Regis,
716 500 761 533 ut
793 494 1020 533 occiderent.
1077 493 1252 543 Agendae
1272 497 1400 530 autem
1428 490 1486 528 rei

141 561 420 599 constituerant
454 565 616 609 tempus,
637 559 727 596 cum
757 557 962 596 Parmenio
983 570 1005 594 a
1026 556 1304 606 Polydamante
1334 555 1486 592 litteras

143 623 308 660 traditas
327 623 454 673 legere
475 621 664 672 coepisset.

222 689 255 724 7.
286 685 517 735 Polydamas
535 683 669 734 procul
686 683 853 731 veniens,
873 687 918 720 ut
937 696 959 719 a
986 681 1240 720 Parmenione
1267 684 1487 730 conspectus

143 754 212 796 est,
232 748 344 787 vultu
361 748 511 786 laetitiae
530 747 691 794 speciem
718 746 956 795 praeferente,
977 744 1025 781 ad
1052 743 1374 794 complectendum
1403 755 1489 780 eum

143 811 311 848 cucurrit
327 824 334 848 :
363 812 571 860 mutuaque
588 808 846 860 gratulatione
864 807 1018 856 functis,
1038 807 1270 857 Polydamas
1289 806 1488 856 epistolam

143 888 165 911 a
183 875 291 924 Rege
311 873 493 923 scriptam
511 873 547 910 ei
565 871 738 910 tradidit.
795 871 996 910 Parmenio
1015 870 1210 909 vinculum
1229 869 1401 920 epistolae
1419 869 1490 907 sol-

144 949 246 984 vens,
274 936 459 986 quidnam
488 935 576 973 Rex
593 939 735 986 ageret,
755 932 984 985 requirebat.
1041 934 1119 972 Ille
1149 947 1197 972 ex
1224 924 1318 983 ips‘is
1346 932 1490 970 litteris

144 1000 386 1051 cogniturum
403 1011 483 1037 esse
500 997 706 1048 respondit.
769 997 920 1043 Quibus
949 997 1153 1035 Parmenio
1184 996 1306 1044 lectis,
1329 998 1350 1018 “
1367 995 1490 1043 Rex,’'

145 1063 278 1114 iuquit,
300 1061 619 1112 “expeditionem
637 1065 748 1111 parat
776 1061 815 1098 in
843 1060 1083 1099 Arachosios.
1141 1059 1347 1098 Strenuum
1373 1058 1490 1096 homi-

144 1140 230 1164 nem
261 1131 300 1163 et
326 1138 517 1175 nunquam
546 1123 777 1161 cessantem!
834 1123 912 1162 Sed
940 1128 1088 1174 tempus
1118 1122 1234 1161 saluti
1261 1135 1352 1171 suae,
1382 1125 1491 1159 tanta

153 1190 233 1238 jam
250 1190 362 1238 parta
381 1186 515 1237 gloria,
535 1186 724 1236 parcere.’‘
770 1185 949 1223 Alteram
963 1184 1100 1223 deinde
1115 1184 1310 1234 epistolam
1326 1183 1492 1222 Philotae

145 1250 297 1288 nomine
317 1249 499 1299 scriptam
529 1248 652 1297 laetus,
672 1248 774 1298 quod
793 1261 841 1285 ex
859 1248 970 1286 vultu
997 1246 1123 1285 notari
1149 1251 1310 1297 poterat,
1328 1246 1490 1298 legebat.

148 1313 247 1350 Tum
267 1314 349 1362 ejus
368 1312 470 1349 latus
487 1311 614 1362 gladio
633 1311 764 1348 haurit
793 1310 990 1358 Cleander,
1010 1310 1144 1348 deinde
1171 1309 1349 1361 jugulum
1375 1309 1466 1347 ferit
1482 1322 1490 1347 ;

147 1376 273 1414 caeteri
292 1374 499 1413 exanimem
518 1386 664 1424 quoque
683 1373 914 1412 confodiunt.
972 1374 1026 1411 Et
1046 1373 1234 1424 armigeri,
1253 1373 1319 1424 qui
1339 1373 1387 1410 ad
1414 1373 1491 1411 adi-

147 1444 228 1477 tum
254 1437 420 1476 nemoris
440 1437 651 1485 astiterant,
671 1436 822 1487 cognita
851 1436 964 1485 caede,
984 1438 1091 1486 cujus
1110 1449 1223 1473 eausa
1236 1436 1491 1488 ignorabatur,

148 1502 188 1538 in
207 1506 331 1538 eastra
348 1499 582 1550 perveniunt,
604 1503 644 1536 et
662 1500 673 1516 ⁷
687 1498 922 1536 tumultuoso
951 1498 1087 1536 nuncio
1116 1498 1258 1536 milites
1291 1499 1492 1537 concitant.

148 1564 215 1602 Illi
234 1563 371 1601 armati
390 1562 438 1599 ad
456 1573 600 1609 nemus,
620 1561 661 1598 in
678 1574 750 1612 quo
769 1566 988 1612 perpetrata
1007 1561 1129 1599 caedes
1149 1566 1243 1610 erat,
1263 1566 1424 1611 coeunt3
1456 1567 1495 1599 et

147 1627 187 1664 ni
220 1625 463 1676 Polydamas,
493 1623 696 1675 caeterique
730 1624 899 1673 ejusdem
925 1636 1036 1662 noxa}
1062 1624 1267 1675 participes
1295 1624 1492 1673 dedantur,

149 1702 298 1726 murum
319 1686 595 1726 circumdatum
613 1686 758 1724 nemori
777 1699 974 1724 eversuros
994 1686 1234 1735 denunciant,
1255 1687 1494 1738 omniumque

149 1751 329 1802 sanguine
350 1750 437 1788 duci
463 1753 740 1800 parentaturos.
799 1748 986 1787 Cleander
1013 1749 1196 1799 primores
1224 1762 1353 1788 corum
1380 1750 1495 1788 intro-

149 1815 251 1852 mitti
266 1815 389 1864 jubet,
410 1813 632 1863 litterasque
652 1812 772 1863 Regis
791 1812 952 1862 script-as
971 1812 1020 1849 ad
1038 1812 1182 1849 milites
1196 1813 1344 1860 recitat,
1360 1813 1495 1864 quibus

150 1877 303 1915 insidiae
322 1875 583 1914 Parmenionis
602 1875 641 1911 in
661 1875 820 1925 Regem,
834 1887 1036 1925 precesque
1051 1879 1094 1911 ut
1112 1875 1234 1924 ipsum
1247 1875 1494 1923 vindicarent,

151 1940 451 1977 continebantur.
508 1938 638 1989 Igitur
668 1937 819 1988 cognita
851 1938 970 1989 Regis
1001 1937 1207 1986 voluntate,
1241 1951 1316 1976 non
1342 1939 1495 1990 quidem

152 2003 375 2053 indignatio,
396 2001 463 2040 sed
483 2007 607 2039 tamen
627 2001 764 2039 seditio
785 2014 997 2051 compressa
1017 2007 1085 2039 cst.
1134 2001 1302 2051 Dilapsis
1321 2002 1496 2052 pluribus

151 2068 257 2115 pauci
271 2064 629 2115 1·cmanscrunt,qui,
644 2063 777 2101 saltem
792 2069 835 2101 ut
847 2077 980 2114 corpus
995 2064 1115 2115 ipsius
1130 2065 1289 2115 sepelire
1304 2066 1495 2116 permitte-

152 2132 246 2174 rent,
276 2128 534 2177 preeabantur.
603 2127 683 2164 Diu
714 2127 752 2164 id
773 2133 951 2179 negatum
981 2133 1051 2176 est,
1083 2127 1261 2167 Cleanthi
1297 2134 1414 2176 metu,
1451 2141 1496 2164 ne

151 2190 356 2227 offenderet
377 2191 532 2241 Regem.
604 2190 849 2228 Pertinacius
869 2191 1005 2228 deind(¹
1025 2191 1277 2241 precantibus,
1298 2191 1496 2228 materiam

152 2254 163 2270 ⁸
179 2254 494 2291 consternationis
526 2253 823 2290 subtrahendam
854 2259 970 2301 ratus,
1002 2254 1123 2305 capite
1153 2254 1289 2302 deciso,
1322 2259 1495 2292 truncum

153 2317 308 2354 humare
328 2317 509 2367 permisit.
567 2315 631 2353 Ad
652 2316 795 2366 Regem
816 2324 929 2367 caput
948 2318 1102 2355 missum
1123 2322 1190 2356 est.

233 2384 265 2418 8.
299 2381 373 2418 llic
393 2379 518 2417 exitus
540 2379 801 2417 Parmenionis
820 2381 908 2428 fuit,
929 2381 1078 2419 militiae
1097 2381 1272 2432 domique
1300 2380 1392 2418 clari
1411 2380 1492 2417 viri.

158 2444 282 2482 Multa
302 2443 381 2481 siue
402 2443 508 2494 Rege
529 2445 719 2493 prospere,
741 2444 827 2481 Rex
848 2444 927 2481 sino
950 2444 1015 2481 illo
1035 2444 1128 2481 nihil
1148 2458 1292 2495 magnae
1308 2443 1360 2481 rei
1376 2455 1491 2494 gesse·
