1583 2680
100 144 178 181 248
567 153 750 185 QUINTI
788 152 974 179 cun-111

98 261 193 296 ram,
214 247 281 285 sed
301 260 347 285 ex
369 247 486 285 Dario
506 246 564 284 ita
583 246 724 297 accepi,
744 246 820 284 tria
837 246 960 284 millia
982 245 1174 284 talentum
1194 247 1346 285 condita
1365 259 1448 286 esse

99 324 185 349 cum
226 310 338 362 Cyro.
412 311 517 348 Hinc
555 310 623 347 illa
655 310 869 360 benignitas
903 310 943 347 in
976 314 1027 358 te,
1062 315 1118 358 ut,
1156 311 1259 362 quod
1293 311 1448 362 impune

98 375 242 413 habere
269 387 346 412 non
379 379 532 425 poterat
555 373 728 422 Orsines,
750 373 925 412 donando
958 374 1074 411 etiam
1104 374 1269 425 gratiam
1296 374 1447 412 iniret.”

99 437 366 477 Concitaverat
391 440 471 489 jam
500 437 669 475 animum
699 437 739 474 in
769 437 875 485 iram,
898 439 982 474 cum
1011 437 1063 485 hi,
1083 438 1222 488 quibus
1249 439 1445 489 negotium

97 502 201 540 idem
222 503 395 550 dederat,
418 502 704 552 superveniunt.
763 501 868 538 Hine
889 500 1054 551 Bagoas,
1075 501 1164 538 hinc
1184 501 1232 539 ab
1252 514 1294 539 eo
1316 495 1447 540 subor-

96 566 188 615 nati,
222 565 331 603 falsis
361 564 585 602 criminibus
619 568 806 614 occupant
836 576 956 601 aures,
1027 564 1248 615 Antequam
1277 565 1446 602 accusari

95 641 135 666 se
162 629 422 679 suspicaretur
444 627 617 676 Orsines,
636 627 676 663 in
694 626 850 664 vincula
868 626 1036 663 traditus
1057 631 1126 664 est.
1184 627 1222 664 N
1227 640 1275 664 on
1298 633 1446 665 eonten-

96 697 157 729 tus
196 692 384 742 supplicio
423 690 587 728 insontis
619 689 737 740 spado
768 689 851 739 ipse
883 689 1071 727 morituro
1109 702 1264 731 manum
1301 691 1445 741 injecit.

96 755 219 801 Quem
254 755 414 794 Orsines
444 755 609 802 intuens,
642 752 931 801 “Audieram‚'’
961 752 1097 804 inquit,
1129 755 1151 773 “
1170 753 1210 790 iu
1239 754 1337 791 Asia
1358 754 1448 792 olim

93 821 273 868 regnasse
304 817 500 854 foeminas:
530 816 603 853 hoc
635 816 727 853 vero
755 828 897 853 novum
921 820 992 863 est,
1012 829 1172 866 regnare
1199 818 1448 855 castratum.‘'

96 881 173 918 Hic
193 881 268 918 fuit
288 881 414 918 exitus
445 879 676 918 nobilissimi
708 878 926 929 Persarum,
944 892 1015 916 nec
1045 880 1208 917 insontis
1236 880 1360 929 modo,
1382 881 1450 918 sed

95 945 245 982 eximiae
264 945 414 995 quoque
433 943 684 995 benignitatis
704 942 745 979 in
765 942 925 994 Regem.

176 1011 210 1046 5.
245 1007 395 1045 Eodem
429 1012 602 1058 tempore
637 1006 855 1044 Phradates
883 1020 1044 1057 regnum
1065 1007 1265 1045 affectasse
1299 1020 1449 1058 suspec-

97 1078 159 1109 tus
188 1072 388 1109 occiditur.
447 1072 471 1089 ¹⁷
490 1070 671 1121 Coeperat
703 1083 787 1108 esse
821 1083 992 1121 praeceps
1024 1070 1050 1088 ²⁸
1062 1071 1111 1108 ad
1139 1071 1450 1124 repraesentanda

95 1136 293 1186 supplicia,
315 1136 408 1172 item
428 1135 476 1172 ad
505 1134 698 1172 deteriora
727 1133 926 1172 credenda.
985 1134 1144 1172 Scilicet
1171 1147 1232 1172 res
1269 1135 1450 1173 secundae

95 1199 226 1237 valent
259 1202 493 1236 commutare
527 1198 729 1246 naturam'3
763 1201 803 1235 et
836 1199 924 1235 raro
953 1197 1156 1248 quisquam
1186 1198 1318 1250 ¹²'erga
1350 1198 1451 1237 bona,

95 1276 164 1299 sua
201 1262 295 1299 satis
333 1266 469 1299 cautus
503 1265 571 1298 est.
649 1260 762 1298 Idem
795 1260 895 1297 enim
932 1260 1047 1310 paulo
1087 1262 1175 1298 ante
1217 1261 1450 1312 Lyncestem

97 1325 377 1373 Alexandrum,
400 1323 571 1361 delatum
591 1337 614 1361 a
634 1323 784 1361 duobus
815 1323 1022 1371 indicibus,
1052 1323 1236 1362 damnare
1266 1338 1342 1362 non
1372 1338 1449 1363 sus-

97 1390 286 1437 tinuerat;
316 1387 539 1425 humiliores
572 1387 723 1437 queque
756 1399 853 1433 reOS,
889 1391 1022 1424 contra
1055 1400 1162 1424 suam
1199 1387 1450 1436 voluntatem,

97 1452 187 1504 quia
220 1451 374 1490 caeteris
407 1451 640 1489 videbantur
673 1450 858 1498 insontes,
891 1459 1026 1500 passus
1057 1451 1228 1489 absolvi:
1276 1451 1452 1490 hostibus

97 1516 209 1554 victis
237 1528 356 1567 regna
382 1514 587 1552 rediderat.
646 1513 712 1550 Ad
744 1513 925 1551 ultimum
958 1526 980 1550 a
1012 1514 1218 1564 semetipso
1251 1514 1451 1565 degenera-

98 1581 155 1617 vit
174 1592 294 1630 usque
314 1578 418 1625 adeo,
439 1582 493 1627 ut,
526 1576 551 1594 ²³
568 1576 753 1614 adversus
784 1576 984 1614 libidinem
1005 1577 1133 1627 animi,
1155 1577 1315 1616 arbitrio
1335 1579 1454 1616 scorti

99 1643 184 1680 aliis
217 1655 336 1693 regna
365 1641 486 1689 daret,
508 1641 595 1678 aliis
629 1640 818 1678 adimeret
837 1640 969 1678 vitam.
1027 1640 1176 1678 Iisdem
1204 1641 1285 1679 fere
1316 1642 1454 1681 diebus

99 1707 250 1744 litteras
279 1720 301 1743 a
331 1705 448 1744 Coeno
469 1705 617 1755 accepit
637 1701 681 1742 de
714 1704 830 1742 rebus
864 1704 902 1741 in
935 1703 1093 1754 Europa
1123 1709 1163 1742 et
1191 1705 1292 1742 Asi-22.
1319 1706 1452 1757 gestis,

101 1772 190 1808 dum
210 1771 292 1821 ipse
314 1769 469 1808 Indiam
489 1769 643 1818 subigit.
706 1768 873 1818 Zopyrio
896 1767 1071 1806 Thraciae
1099 1769 1342 1818 prae-positus,
1363 1769 1453 1806 dum

102 1834 388 1885 expeditionem
426 1833 466 1870 in
509 1832 628 1871 Getas
665 1832 819 1879 faceret,
859 1831 1158 1881 tempestatibus
1194 1831 1454 1884 procellisque

102 1899 230 1937 subito
270 1897 424 1945 coortis,
464 1909 550 1933 curn
596 1899 678 1933 toto
726 1895 898 1932 exercitu
944 1907 1149 1944 oppressus
1196 1900 1288 1932 erat.
1367 1895 1454 1941 Qua

102 1963 256 2013 cognita
288 1961 408 2009 clade,
445 1959 610 1998 Seuthes
633 1958 808 2009 Odrysas
838 1957 1044 2008 populares
1075 1971 1163 1996 suos
1195 1958 1243 1995 ad
1275 1959 1453 1997 defectio-

103 2040 189 2064 nem
220 2025 467 2076 compulerat.
528 2023 686 2061 Amissa
716 2021 990 2073 propemodum
1024 2021 1200 2070 Thracia,
1230 2035 1276 2060 110
1305 2022 1457 2062 Graecia

103 2091 129 2107 ²¹
147 2090 302 2141 quidem

323 2150 536 2194 [inconeussa
560 2149 708 2181 tumultu
732 2146 804 2180 fuit.
852 2148 933 2180 Cum
958 2146 1045 2179 enim
1073 2147 1270 2188 Alexander,
1296 2160 1337 2182 ex
1361 2149 1458 2182 India

105 2217 268 2243 reversim,
300 2205 481 2248 praefectos,
507 2203 577 2247 qui,
608 2204 786 2246 desperato
814 2202 883 2245 ejus
916 2201 1039 2239 reditu,
1070 2203 1214 2245 superbe
1241 2203 1457 2247 imperarant,

106 2260 254 2294 severius
267 2261 425 2303 punisset,
440 2258 552 2291 czeteri
569 2269 714 2302 quoque,
727 2256 983 2301 provincialium
997 2261 1184 2290 metuentes
1201 2258 1458 2298 accusationem,

107 2327 170 2359 ope
187 2313 470 2347 mercenariorum
487 2312 640 2351 rnilitum,
658 2311 781 2356 quibus
798 2316 973 2354 prim-rant,
991 2316 1023 2343 et
1041 2312 1119 2353 sugit
1134 2311 1199 2345 sibi
1214 2313 1356 2345 sulutem
1373 2324 1460 2357 qua*-

109 2371 236 2402 rebant.
284 2368 464 2411 Harpalus,
482 2366 676 2410 Babylonia!
689 2370 764 2410 post
776 2365 888 2398 Mauri
911 2371 1050 2398 mortem
1075 2367 1260 2409 praesectum
1277 2367 1461 2399 0111111οΧ11-

110 2424 194 2456 riose
219 2422 366 2460 vixisset,
390 2421 487 2453 veniit
515 2422 701 2463 defflorata,
725 2431 746 2451 v
769 2419 916 2451 millibus
942 2414 1102 2452 talentum
1128 2420 1300 2464 correptis,
1327 2431 1402 2453 eum
1426 2431 1460 2453 vx

112 2477 257 2509 millibus
283 2475 562 2508 mercenar²urum
590 2475 622 2506 iu
651 2473 812 2506 Graeeimu
841 2473 998 2516 profugit,
1027 2473 1150 2517 quibus
1181 2479 1400 2517 persuaserat,
1428 2485 1462 2505 ει»
