1583 2680
153 130 200 167 88
615 142 797 174 QUINTI
837 139 1022 167 CURTII

149 233 265 271 simul
280 233 297 271 ?
313 234 331 253 '²
389 233 418 272 J
421 247 481 272 am
499 234 600 272 inter
618 234 700 272 haec
720 234 864 272 eminus
883 233 1111 284 petebatur,
1143 247 1240 284 eum,
1264 234 1493 275 testitudine

148 296 315 347 objecta,
335 297 490 346 milites,
521 298 599 349 qui,
620 303 664 336 ut
697 297 786 335 inde
822 297 1048 345 discederet,
1076 297 1288 347 perpellere
1319 298 1480 350 nequive

148 365 247 408 rant,
268 361 489 398 tuebantur.

230 426 286 461 ll.
319 424 491 462 Tandem
514 424 669 462 Tauron
683 437 797 473 super
817 436 941 460 arcem
961 423 1067 461 urbis
1088 436 1127 461 se
1148 436 1233 460 cum
1253 437 1323 462 suo
1343 425 1492 475 agmine

145 487 341 525 ostendit:
371 488 420 524 ad
439 489 548 538 cujus
569 492 826 537 conspectum,
856 491 895 524 ct
928 487 1046 524 animi
1079 487 1249 525 hostium
1280 487 1423 535 labare,
1448 493 1493 526 et

146 550 376 589 Macedones
397 551 527 588 acrius
547 551 723 601 praelium
751 550 849 587 inire
869 554 1076 600 coeperunt.
1135 551 1147 568 ⁵
1162 551 1318 600 Anceps
1337 551 1491 601 oppida-

142 627 209 651 nos
225 615 368 652 malum
385 615 558 666 urgebat,
579 627 648 652 nec
669 614 755 652 sisti
775 614 833 652 vis
852 614 1022 651 hostium
1054 618 1217 664 poterat.
1276 614 1421 652 Paucis
1441 614 1490 652 ad

141 677 391 725 moriendum,
411 678 587 728 pluribus
607 677 655 715 ad
683 677 813 728 fugam
833 677 981 714 animus
1013 677 1101 714 fuit.
1159 677 1302 728 Magna
1333 691 1422 728 pars
1450 678 1490 715 in

141 753 265 778 arcem
285 742 482 778 concessit.
541 741 641 778 Inde
663 741 823 791 triginta
843 740 1058 778 oratoribus
1077 740 1206 777 missis
1222 740 1271 778 ad
1291 741 1488 790 deprecan-

140 803 242 851 dum,
264 804 375 841 triste
394 816 619 853 responsum
639 817 661 840 a
681 803 790 854 Rege
808 803 997 850 redditur,
1013 815 1088 840 non
1108 815 1190 840 esse
1209 803 1333 842 veniae
1351 803 1485 842 locum.

139 866 278 918 Itaque
313 867 588 917 suppliciorum
625 870 732 903 metu
775 866 956 916 perculsi,
994 866 1044 903 ad
1083 866 1342 918 Sisygambim
1378 867 1488 905 Darii

138 935 312 975 matrem,
351 930 501 968 occulto
539 931 690 978 itinere,
728 929 937 981 ignotoque
982 930 1170 978 hostibus,
1209 930 1383 980 mittunt,
1423 931 1488 982 qui

138 999 327 1044 peterent,
347 999 393 1031 ut
423 994 506 1044 ipsa
526 993 675 1045 Regem
694 993 904 1043 mitigaret,
925 993 1027 1031 haud
1047 994 1174 1043 ignari
1203 995 1374 1044 parentis
1404 1007 1486 1032 eam

138 1058 221 1096 loco
256 1058 377 1108 diligi,
397 1058 558 1108 colique.
616 1057 672 1095 Et
705 1056 883 1093 Madates
919 1057 1060 1094 sororis
1095 1058 1177 1106 ejus
1206 1057 1323 1095 filiam
1357 1071 1486 1096 secum

136 1121 378 1158 matrimonio
409 1123 601 1171 junxerat,
630 1119 791 1157 Darium
825 1120 1039 1171 propinqua
1078 1121 1303 1169 cognatione
1342 1122 1485 1159 contin-

137 1197 240 1235 gens.
324 1184 404 1222 Dia
453 1183 691 1234 Sisygambis
737 1183 954 1233 supplicum
1001 1183 1180 1233 precibus
1225 1185 1482 1234 repugnavit;

136 1247 332 1286 “abnuens
367 1247 673 1297 deprecationem
703 1259 771 1297 pro
793 1246 872 1284 illis
905 1246 1104 1285 convenire
1138 1247 1316 1295 fortunae,
1337 1248 1378 1285 in
1408 1251 1484 1299 qua

136 1316 264 1349 esset:
313 1311 543 1362 adjecitque,
581 1315 754 1348 metuere
802 1323 884 1348 sese
922 1324 970 1348 ne
1006 1310 1164 1348 victoris
1202 1311 1484 1362 indulgentiam

136 1375 328 1426 fatigaret,
350 1375 567 1426 saepiusque
588 1375 767 1425 cogitare,
790 1374 981 1424 captivam
999 1387 1081 1412 esse
1101 1387 1153 1422 se,
1173 1374 1290 1426 quam
1311 1375 1483 1426 reginam

135 1438 265 1475 fuisse.
324 1439 391 1476 Ad
422 1439 602 1476 ultimum
635 1438 749 1485 victa,
782 1437 925 1475 litteris
953 1437 1224 1476 Alexandrum
1256 1438 1314 1475 ita
1353 1439 1481 1489 depre-

135 1506 220 1538 cata
251 1506 320 1549 cst,
358 1506 404 1538 ut
437 1502 559 1552 ipsam
594 1505 796 1538 excusaret
830 1500 932 1552 quod
962 1501 1254 1551 deprecaretur:
1283 1506 1414 1552 petere
1442 1515 1482 1540 se

133 1570 178 1602 ut
209 1565 288 1602 illis
307 1578 468 1616 quoque,
489 1566 500 1582 ⁷
516 1565 550 1602 si
580 1565 721 1611 minus,
744 1564 818 1602 sibi
851 1565 1086 1614 ignosceret:
1116 1577 1184 1615 pro
1204 1565 1418 1603 necessario
1438 1578 1482 1604 ae

133 1629 346 1679 propinquo
385 1641 466 1676 suo,
501 1630 581 1678 jam
614 1641 690 1665 non
723 1627 844 1676 hoste,
880 1628 947 1666 sed
976 1628 1147 1679 supplice
1185 1631 1335 1666 tantum
1361 1629 1482 1667 vitam

134 1693 291 1742 precari.
364 1692 670 1730 Moderationem
703 1691 1022 1742 clementiamque
1062 1691 1196 1743 Regis,
1236 1692 1350 1743 ⁸quae
1390 1697 1481 1730 tune

134 1756 220 1804 fuit,
252 1756 313 1793 vel
345 1769 421 1793 una
452 1756 534 1794 haec
567 1768 628 1793 res
658 1755 780 1805 possit
810 1755 1036 1793 ostendere:
1066 1767 1141 1792 non
1181 1755 1333 1793 Madati
1367 1756 1480 1794 modo

136 1821 292 1869 ignovit,
315 1819 381 1857 sed
402 1832 531 1856 omnes
551 1823 590 1856 et
611 1818 763 1855 deditos
795 1822 834 1855 et
862 1818 1033 1867 captivos
1067 1818 1250 1856 libertate
1280 1823 1394 1870 atque
1415 1820 1479 1857 im-

132 1885 318 1921 munitate
339 1883 506 1930 donavit,
527 1881 662 1919 urbem
677 1881 835 1931 reliquit
857 1881 1040 1918 intactam
1058 1894 1065 1918 :
1096 1895 1209 1932 agros
1229 1882 1311 1920 sine
1332 1883 1480 1921 tributo

133 1948 254 1985 colere
275 1947 456 1997 permisit.
515 1947 527 1963 ⁹
544 1945 582 1982 A
601 1945 746 1983 victore
768 1944 886 1982 Dario
915 1944 1026 1994 plura
1046 1951 1166 1982 mater
1185 1959 1260 1983 non
1280 1946 1480 1996 impetras-

135 2017 201 2048 set.
261 2011 452 2048 Uxiorum
484 2008 622 2047 deinde
654 2014 806 2058 gentem
836 2008 1046 2055 subactam,
1070 2008 1320 2047 Susianorum
1351 2009 1478 2047 Satra-

132 2075 206 2124 piae
243 2075 266 2091 ¹⁰
279 2074 510 2111 contribuit:
555 2072 764 2123 divisisque
798 2086 883 2109 cum
922 2072 1176 2110 Parmenione
1209 2073 1339 2123 copiis,
1369 2073 1478 2111 illum

133 2137 338 2187 campestri
359 2137 495 2181 itinere
526 2135 730 2186 procedere
760 2135 869 2184 jubet
890 2149 895 2172 :
927 2135 1005 2186 ipsc
1025 2148 1110 2173 cum
1131 2136 1308 2186 expedito
1328 2137 1478 2188 agmine

142 2202 277 2250 jugum
305 2199 491 2236 montium
520 2199 633 2249 cepit,
663 2212 826 2249 quorum
859 2204 1084 2249 1wrpetunm
1107 2199 1262 2237 dorsum
1283 2200 1323 2238 in
1353 2200 1476 2239 Persi·

131 2263 216 2300 dem
237 2262 415 2300 excurrit.

217 2330 271 2364 12.
313 2326 429 2365 Omni
476 2325 545 2362 hnc
584 2325 737 2375 regione.
784 2328 949 2364 vastata,
991 2325 1105 2362 tertio
1153 2325 1215 2362 dic
1263 2325 1476 2374 Persidem,

129 2391 263 2441 quinto
302 2389 510 2440 angustias,
549 2401 642 2439 quas
681 2388 735 2424 illi
779 2388 949 2423 ,summ
991 2388 1119 2437 J‘Jslas
1157 2393 1305 2436 vocant,
1344 2388 1473 2426 intrat.

134 2453 410 2491 Arioimrzanes
431 2452 498 2489 has
520 2466 602 2489 eum
626 2451 764 2503 viginti
786 2452 952 2503 quinque
985 2452 1155 2489 millibus
1177 2452 1350 2502 peditum
1370 2466 1475 2491 oecu-
