1583 2680
157 192 234 230 260
622 203 807 235 QUINTI
846 203 1031 229 cun'rn

155 308 248 346 opus
281 295 376 344 est,’'
404 294 540 347 inquit,
562 295 716 333 “armis
748 295 926 347 civilique
957 295 1070 345 bello,
1098 295 1324 335 habentibus
1352 297 1500 350 Regem

152 371 262 409 quem
279 357 482 409 quaeritis‘?
536 358 718 396 Aridaeus
748 358 932 409 Philippo
958 358 1122 410 genitus,
1142 358 1356 397 Alexandri
1384 360 1498 410 paulo

153 422 241 458 ante
261 421 382 472 Regis
412 421 546 469 frater,
567 433 761 459 sacrorum
788 421 1171 472 caeremoniarumque
1199 434 1349 460 consors
1373 422 1496 470 modo,

150 497 249 522 nunc
282 485 385 522 solus
422 484 556 533 haeres,
589 484 817 535 praeteritur
853 497 875 521 a
911 484 1030 523 vobis.
1107 484 1192 530 Quo
1228 485 1365 523 merito
1397 485 1498 527 suo?

149 548 287 598 quidve
304 547 406 597 feeit,
426 560 492 585 cur
521 547 639 585 etiam
656 547 829 599 gentium
847 547 1038 584 communi
1062 548 1149 597 jure
1167 547 1399 586 fraudetur?
1454 548 1496 587 Si

150 611 372 648 Alexandro
401 610 564 648 similem
595 609 779 660 quaeritis,
815 622 1008 660 nunquam
1044 611 1262 660 reperietis:
1303 611 1335 649 si
1370 611 1495 661 proxi·

149 687 264 722 mum,
298 674 360 711 hic
392 674 496 711 solus
529 674 623 712 est.”
691 673 768 711 His
799 672 954 721 auditis,
988 674 1114 711 concio
1145 674 1267 723 primo
1298 674 1494 712 silentium

147 737 255 774 velut
288 738 398 786 jussa
429 736 576 775 habuit.
648 735 898 774 Conclamant
929 735 1065 773 deinde
1101 735 1258 786 pariter,
1295 736 1494 775 Aridaeum

147 800 356 837 vocandum
386 812 479 847 esse,
516 803 753 850 mortemque
789 798 946 836 meritos
983 799 1050 850 qui
1085 799 1298 837 concionem
1335 799 1416 837 sine
1451 812 1495 838 eo

147 862 381 900 habuissent.
439 862 538 899 Tum
557 861 714 910 Pithon,
734 861 868 911 plenus
896 861 1160 912 lacrymarum,
1181 861 1327 901 orditur
1347 862 1494 901 dicere:

147 938 246 962 nune
278 925 341 963 vel
374 925 564 963 ¹maxime
601 925 856 963 miserabilem
886 937 967 963 esse
1003 925 1280 974 Alexandrum,
1316 926 1382 977 qui
1416 930 1495 963 tam

148 988 331 1026 bonorum
367 988 510 1026 civium
545 988 786 1040 militumque
822 988 954 1026 fructu
985 992 1024 1026 et
1055 989 1260 1039 praesentia
1295 988 1496 1027 fraudatus

149 1056 269 1090 esset:
297 1064 434 1089 nomen
453 1051 555 1089 enim
573 1051 866 1102 memoriamque
896 1051 1018 1103 Regis
1037 1051 1096 1089 sui
1125 1054 1276 1089 tantum
1293 1052 1494 1100 intuentes,

149 1114 161 1131 ²
176 1114 225 1151 ad
239 1118 376 1152 caetera
395 1114 560 1165 caligare
579 1127 653 1153 eos.
710 1114 829 1152 Haud
858 1114 1034 1166 ambigue
1061 1114 1103 1152 in
1127 1116 1318 1165 juvenem,
1337 1115 1399 1153 eui
1415 1127 1496 1166 reg-

149 1190 241 1214 num
271 1177 548 1226 destinabatur,
578 1177 746 1228 impensa
775 1177 914 1228 probra
942 1177 1065 1230 magis
1097 1178 1172 1229 ipsi
1201 1178 1344 1227 odium,
1381 1179 1496 1228 quixm

150 1240 308 1279 Aridaeo
344 1245 602 1291 contemptum
642 1240 864 1279 attulerunt.
940 1241 1090 1292 Quippe
1128 1242 1220 1280 dum
1254 1242 1496 1289 miserentur,

149 1305 263 1341 etiam
280 1304 409 1342 favere
428 1308 630 1354 coeperunt.
688 1303 819 1354 Igitur
849 1316 927 1341 non
945 1304 1063 1342 alium
1093 1317 1144 1353 se,
1164 1306 1280 1356 quam
1307 1318 1403 1353 eum,
1431 1306 1498 1355 qui

149 1367 197 1404 ad
217 1367 313 1404 hanc
345 1379 450 1417 spem
474 1366 625 1418 genitus
645 1371 756 1414 esset,
777 1379 934 1417 regnare
959 1379 1148 1417 passuros,
1167 1367 1354 1418 pertinaci
1381 1367 1496 1405 accla-

148 1432 312 1471 matione
333 1432 537 1480 declarant,
558 1431 757 1481 vocarique
778 1430 978 1468 Aridaeum
1003 1431 1149 1480 jubent.
1208 1430 1330 1476 Quem
1357 1431 1497 1469 Melea·

149 1509 215 1547 ger
234 1495 407 1542 infestus,
428 1494 648 1544 invisusque
668 1493 872 1541 Perdiccae,
892 1494 1043 1531 strenue
1071 1493 1248 1544 perducit
1267 1494 1307 1531 111
1325 1494 1497 1545 Regiam,

149 1560 161 1576 '³
176 1565 215 1597 et
233 1559 374 1596 milites
393 1557 619 1607 Philippum
638 1556 919 1594 consalutatum
937 1556 1083 1608 Regem
1101 1556 1306 1608 appellant.

236 1624 291 1660 19.
323 1620 519 1660 Caeterum
549 1620 630 1659 haec
649 1619 754 1671 vulgi
785 1624 869 1658 erat
887 1632 982 1669 vox;
1013 1620 1229 1671 principum
1258 1619 1333 1658 alia
1352 1625 1498 1659 senteu-

149 1685 214 1723 tia.
271 1684 306 1723 E
327 1684 462 1735 quibus
481 1683 626 1722 Pithon
645 1683 848 1721 consilium
867 1683 1063 1722 Perdiccae
1081 1683 1238 1734 exsequi
1257 1683 1385 1734 coepit,
1398 1688 1498 1722 tuto·

149 1761 284 1800 resque
304 1747 470 1786 destinat
488 1747 565 1785 filio
584 1760 631 1785 ex
645 1747 805 1785 Roxane
823 1747 966 1795 futuro,
985 1746 1210 1785 Perdiccam
1228 1751 1267 1785 et
1285 1747 1498 1785 Leonatum

150 1812 269 1862 stirpe
304 1811 410 1862 regia
447 1810 605 1862 genitos.
679 1809 848 1859 Adjeeit,
886 1814 930 1847 ut
966 1809 1006 1847 iu
1043 1809 1201 1860 Europa
1239 1809 1421 1848 Craterus
1460 1814 1499 1846 et

151 1875 359 1925 Antipater
391 1887 453 1912 res
482 1873 803 1911 administrarent.
861 1872 959 1910 Tum
988 1872 1257 1922 jusjurandum
1289 1885 1312 1909 a
1339 1871 1499 1923 singulis

152 1943 341 1986 exactum,
360 1937 510 1975 futuros
530 1936 571 1973 in
589 1940 778 1986 potestate
798 1935 920 1986 Regis
933 1935 1054 1986 geniti
1069 1935 1302 1973 Alexandro.
1359 1935 1498 1972 Melea·

152 2016 230 2053 ger,
250 2001 352 2040 haud
383 2001 524 2050 injuria
542 2004 645 2037 metu
675 1998 850 2049 supplicii
882 1998 1049 2046 territus,
1070 2010 1153 2035 eum
1173 1998 1253 2035 suis
1282 2003 1497 2038 secesserat.

153 2067 304 2106 Rursus
324 2064 548 2115 Philippum
565 2062 720 2100 trahens
739 2075 877 2110 secum,
899 2061 1038 2112 irrupit
1058 2061 1097 2098 iu
1116 2063 1268 2113 regiam,
1290 2061 1499 2110 clamitans,

154 2127 353 2179 suffragari
383 2127 464 2177 spei
495 2126 668 2177 publicae,
700 2125 747 2163 de
779 2138 874 2163 novo
906 2124 1013 2175 Rege
1043 2125 1156 2175 paulo
1177 2127 1267 2162 ante
1297 2130 1499 2175 eoneeptae,

154 2191 268 2230 robur
299 2191 449 2229 aetatis:
479 2189 746 2240 experirentur
775 2188 887 2226 modo
917 2188 1074 2238 stirpem
1105 2188 1289 2239 Philippi,
1318 2193 1356 2226 et
1382 2189 1500 2226 filium

155 2267 197 2292 ae
216 2254 371 2291 fratrem
391 2252 541 2303 Regum
561 2252 743 2290 duorum:
773 2251 1020 2301 sibimetipsis
1038 2250 1275 2301 potissimum
1293 2250 1498 2289 crederent.

157 2317 319 2355 Nullum
348 2315 578 2366 profundum
608 2328 724 2363 mare,
744 2314 890 2352 nullum
910 2320 1058 2352 vastum
1089 2314 1228 2352 fretum
1259 2319 1298 2351 et
1324 2313 1500 2364 procello-

157 2394 241 2420 sum
272 2384 400 2416 tantos
420 2378 494 2415 ciet
523 2379 668 2426 fluetus,
688 2383 846 2428 quantos
878 2377 1085 2415 multitudo
1113 2382 1238 2414 motus
1258 2376 1385 2424 habet,
1406 2377 1416 2393 ⁴
1431 2376 1501 2413 uti-

157 2457 229 2495 que
249 2443 281 2480 si
301 2445 397 2480 nova
418 2446 457 2479 et
487 2442 593 2479 brevi
623 2442 807 2478 duratura
831 2441 1006 2478 libertate
1036 2439 1216 2477 luxuriat.
1273 2439 1391 2477 Pauci
1411 2439 1501 2477 Per-

158 2508 273 2545 (110οαι
293 2505 405 2543 modo
427 2505 559 2550 olveto,
581 2505 707 2554 plures
725 2504 901 2553 Philippo
921 2506 1034 2554 quium
1056 2508 1284 2553 speraverat,
1306 2502 1503 2552 imperium
