1583 2680
408 174 570 199 nrssER
614 173 731 198 V111.
775 172 887 198 CAP.
931 171 1051 197 XIII.
1328 157 1405 195 209

52 268 142 306 rum
162 267 201 305 in
221 265 476 304 Macedonum
496 265 670 304 exercitu
689 265 910 304 temeritate
925 268 1040 316 atque
1060 262 1222 301 audacia
1237 261 1406 313 insignes

52 331 161 369 fuere
194 330 434 369 Simmachus
466 334 506 368 et
540 329 724 377 Nicanor,
756 328 906 367 nobiles
940 329 1113 379 juvenes,
1146 331 1185 364 et
1219 327 1406 376 perpetua

52 394 244 445 ‘partium
272 393 460 446 felicitat-e
493 393 543 431 ad
575 393 831 443 spernendum
865 404 974 430 omne
992 390 1214 442 periculum
1244 389 1404 427 accensi.

54 457 174 504 Queis
207 457 369 495 ducibus
401 457 681 507 promptissimi
716 458 904 506 juvenum
936 454 1080 493 lanceis
1119 454 1232 492 modo
1267 452 1407 490 armati

54 523 306 559 transnavere
334 521 374 558 in
402 521 580 568 insulam,
599 533 713 571 quam
734 520 911 571 frequens
942 518 1066 556 hostis
1099 517 1280 565 tenebat;
1311 516 1406 553 mul-

54 590 190 635 tosque
215 584 417 632 Indorum,
436 583 545 621 nulla
576 597 618 621 re
649 583 771 635 magis
790 583 906 634 quam
926 581 1088 620 audacia¹
1119 580 1270 628 armati,
1291 580 1405 617 inter-

54 652 238 685 emerunt.
298 647 421 685 Abire
451 660 538 684 cum
565 646 689 698 gloria
709 645 976 696 poterant,⁹si
1004 657 1176 696 unquam
1207 643 1408 681 temeritas

54 711 150 749 felix
169 711 359 749 inveniret
378 711 546 749 modum.
606 710 684 749 Sed
712 710 803 747 dum
823 709 1136 760 supervenientes
1156 708 1407 758 contemptim

55 779 94 812 et
115 774 278 825 superbe
298 787 448 826 quoque
478 778 713 824 exspectant,
734 773 986 812 circumventi
1013 773 1060 811 ab
1087 772 1149 810 his
1176 772 1244 823 qui
1265 770 1408 809 occulti

55 842 314 885 enataverant,
336 838 487 875 eminus
507 837 637 875 obruti
657 836 748 874 telis
769 841 868 874 sunt.
917 835 994 881 Qui
1014 835 1228 885 effugerant
1246 834 1408 881 hostem,

56 906 123 938 aut
170 900 317 951 impetu
364 900 487 937 amnis
525 899 646 937 ablat-i
697 904 799 947 sunt,
851 903 919 936 aut
955 898 1168 936 vorticibus
1218 896 1406 947 impliciti.

58 963 192 1015 anue
218 977 347 1015 pugna
365 963 530 1001 multam
550 963 727 1000 fiduciam
749 962 845 1000 Pori
864 961 999 1011 erexit,
1019 966 1157 999 cuncta
1176 959 1369 998 cernentis
1389 971 1408 996 e

56 1027 152 1078 ripa.

137 1092 199 1128 44.
229 1089 454 1128 Alexander
487 1089 598 1139 inops
630 1088 791 1136 consilii,
813 1087 967 1126 tandem
999 1088 1047 1125 ad
1081 1087 1292 1125 fallendum
1325 1086 1407 1124 hos-

55 1158 136 1192 tem
156 1153 182 1171 ²⁰
195 1152 312 1191 talem
345 1151 477 1190 dolum
506 1151 683 1188 intendit.
743 1151 842 1188 Erat
861 1150 988 1188 insula
1008 1150 1048 1187 in
1074 1150 1228 1188 flumine
1249 1149 1410 1200 amplior

57 1217 218 1266 caeteris,
251 1215 453 1266 sylvestris
487 1215 633 1262 eadem,
665 1219 705 1252 et
735 1213 911 1265 tegendis
942 1213 1096 1251 insidiis
1130 1218 1229 1263 apta.
1289 1213 1411 1250 Fossa

57 1292 207 1332 quoque
236 1278 397 1330 praealta
428 1278 534 1316 haud
566 1277 701 1329 procul
721 1291 743 1315 a
762 1278 860 1328 ripa,
890 1290 1004 1329 quam
1024 1276 1180 1315 tenebat
1210 1276 1305 1327 ipse,
1334 1289 1410 1314 non

57 1343 208 1394 pedites
240 1342 366 1390 modo,
388 1341 455 1380 sed
488 1341 606 1380 etiam
625 1355 712 1379 cum
733 1341 840 1392 equis
859 1341 962 1378 viros
990 1344 1145 1391 poterat
1164 1339 1407 1378 abscondere.

58 1406 116 1445 Ut
148 1405 266 1457 igitur
296 1406 318 1423 ¹¹
338 1418 361 1442 a
392 1405 569 1443 custodia
601 1405 718 1454 hujus
747 1404 1047 1455 opportunitatis
1079 1403 1210 1441 oculos
1239 1403 1407 1441 hostium

59 1473 262 1516 averteret,
283 1468 539 1506 Ptolemaeum
568 1481 655 1506 cum
686 1468 864 1506 omnibus
883 1467 1024 1505 turmis
1043 1466 1267 1519 obequitare
1291 1467 1411 1517 jussit

58 1531 194 1583 procul
225 1531 275 1569 ab
306 1531 446 1581 insula,
483 1536 523 1568 et
560 1531 722 1569 subinde
763 1531 884 1568 Indos
921 1530 1086 1568 clamore
1117 1536 1274 1580 terrere,
1300 1531 1410 1581 quasi

59 1596 202 1633 flumen
220 1599 490 1632 transnaturus
509 1594 621 1631 foret.
680 1594 759 1631 Per
778 1593 995 1643 complures
1015 1593 1099 1630 dies
1120 1593 1355 1631 Ptolemaeus
1371 1593 1411 1630 id

60 1658 164 1707 fecit,
197 1670 316 1709 eoque
347 1657 506 1695 consilio
541 1657 686 1694 Porum
719 1669 870 1707 quoque
907 1668 1043 1707 agmen
1080 1668 1191 1693 suum
1229 1655 1266 1693 ei
1297 1656 1410 1706 parti,

60 1735 175 1774 quam
194 1735 234 1759 se
253 1726 384 1772 petere
417 1720 636 1768 simulabat,
657 1720 782 1770 coegit
812 1719 1024 1757 advertere.
1083 1718 1113 1757 J
1116 1731 1176 1756 am
1196 1723 1309 1756 extra
1327 1731 1410 1756 con-

61 1790 234 1836 spectum
253 1784 376 1823 hostis
396 1783 521 1822 insula
540 1789 633 1822 erat.
691 1783 916 1821 Alexander
934 1783 974 1820 in
994 1782 1147 1820 diversa
1179 1787 1289 1832 parte
1317 1782 1411 1832 ripae

62 1848 183 1887 statui
201 1860 313 1886 suum
334 1847 625 1886 tabernaculum
651 1846 781 1896 jussit,
803 1850 1070 1897 assuetumque
1089 1845 1266 1883 comitari
1285 1845 1409 1896 ipsum

18 1917 21 1919 ’
61 1911 257 1950 cohortem
290 1915 378 1948 ante
410 1910 451 1948 id
483 1909 771 1948 tabernaculum
803 1914 917 1957 stare,
948 1913 988 1946 et
1015 1921 1165 1946 omnem
1184 1912 1410 1958 apparatum

61 1974 178 2025 regiae
214 1973 508 2024 magnificentiae
554 1972 723 2011 hostium
760 1971 880 2010 oculis
927 1971 974 2008 de
1012 1970 1207 2008 industria
1246 1970 1408 2009 ostendi.

64 2037 258 2086 Attalum,
276 2042 318 2074 et
336 2037 364 2055 ²³
378 2036 567 2088 aequalem
600 2035 685 2083 sibi,
706 2040 747 2073 et
776 2034 880 2072 haud
900 2033 1093 2085 disparem
1121 2033 1257 2072 habitu
1275 2034 1354 2072 oris
1373 2038 1413 2072 et

63 2100 234 2151 corporis
253 2099 279 2118 ¹⁸
291 2099 443 2151 (utique
471 2101 561 2137 cum
593 2098 729 2150 procul
747 2097 955 2148 viseretur)
975 2102 1083 2136 veste
1111 2097 1219 2148 regia
1238 2102 1410 2144 exornat,

63 2163 316 2214 praebiturum
344 2163 509 2213 speciem
542 2163 669 2212 ipsum
699 2161 849 2212 Regem
879 2160 937 2197 illi
965 2160 1060 2211 ripae
1089 2159 1308 2212 praesidere,
1341 2173 1411 2198 nec

64 2227 210 2277 agitare
243 2225 292 2263 de
325 2225 504 2262 transitu.
563 2225 696 2274 Hujus
729 2223 881 2262 consilii
913 2223 1093 2262 effectum
1121 2223 1245 2275 primo
1265 2229 1413 2262 morata

65 2293 272 2339 tempestas
303 2293 373 2335 est,
407 2301 498 2326 mox
536 2287 708 2337 adjuvit:
747 2286 986 2325 incommoda
1022 2287 1176 2338 quoque
1215 2287 1264 2325 ad
1292 2287 1412 2325 bonos

65 2357 227 2391 eventus
263 2356 437 2390 vertente
475 2351 645 2389 fortuna.
721 2350 914 2401 Trajicere
951 2363 1100 2389 amnem
1138 2363 1223 2388 cum
1262 2350 1414 2388 caeteris

64 2416 184 2467 copiis
204 2415 227 2433 ¹⁴
241 2415 282 2452 in
299 2415 494 2466 regionem
512 2413 651 2452 insulae
671 2413 735 2463 (de
752 2417 832 2466 qua
850 2415 938 2452 ante
968 2414 1112 2452 dictum
1133 2420 1207 2464 est)
1227 2413 1410 2464 parabat3

66 2479 92 2499 ¹⁸
103 2491 236 2518 averso
256 2478 366 2517 hoste
387 2478 426 2516 in
446 2491 524 2527 008,
544 2478 610 2530 qui
639 2490 724 2516 cum
746 2477 957 2516 Ptolemaeo
980 2477 1239 2515 “inferiorem
1258 2476 1409 2514 obsede-
