1583 2680
461 157 620 182 L11313n
662 157 742 182 111.
787 156 1003 182 CAr.X11
1363 149 1413 184 27

79 253 170 286 tuna
197 248 428 286 discriminis
462 249 609 297 fuisset,
645 248 894 300 requirebant.
969 248 1169 300 Negabant
1205 263 1243 287 se
1271 255 1412 300 captas,

77 311 112 349 si
130 311 274 349 viveret
293 311 391 349 Rex.
448 311 526 350 Sed
559 311 677 360 illum,
697 323 812 362 equos
838 311 995 350 subinde
1021 316 1244 361 mutantem,
1264 312 1413 363 longius

74 373 167 425 fuga
185 373 403 412 abstulerat.
461 373 510 412 In
529 374 608 412 acie
626 379 753 412 autem
768 375 797 392 ²⁵
808 387 904 412 caesa
922 379 1010 412 sunt
1023 374 1225 413 Persarum
1243 375 1414 426 peditum

75 442 224 475 eentum
256 437 377 475 millia
390 445 402 475 :⁴
429 437 555 475 decem
582 439 673 476 vero
702 437 824 475 millia
850 437 1049 476 interfecta.
1075 438 1252 489 equitum.
1308 438 1366 476 At
1393 453 1414 476 a

74 504 183 550 parte
218 499 434 538 Alexandri
467 505 628 551 quatuor
663 505 703 538 et
737 500 936 552 quingenti
962 501 1080 539 saucii
1109 501 1228 551 fuere,
1256 501 1414 553 triginta

74 562 224 600 omnino
251 567 291 600 et
317 562 391 601 duo
419 575 466 600 ex
492 563 685 612 peditibus
703 563 907 601 desiderati
935 569 1037 613 sunt,
1066 564 1236 615 equitum
1265 569 1413 602 centum

73 625 347 678 quinquaginta
382 625 584 664 interfecti.
660 626 823 664 Tantulo
862 626 1052 678 impendio
1088 627 1218 679 ingens
1256 627 1415 665 victoria

73 687 190 726 stetit.

152 751 254 790 XII.
288 753 347 790 30.
378 752 477 800 Rex,
497 752 563 803 qui
584 752 650 790 diu
667 751 828 790 Darium
845 753 1099 805 persequendo
1117 753 1303 806 fatigatus
1321 758 1414 801 erat,

73 819 275 865 postquam
307 819 347 852 et
378 827 454 852 nox
483 815 694 865 appetebat,
725 821 765 853 et
795 829 880 854 eum
915 817 1165 868 consequendi
1204 819 1213 836 ¹
1230 830 1314 868 spes
1341 830 1415 855 non

78 882 173 925 erat,
193 877 233 914 in
251 882 376 915 eastra
403 877 516 927 paulo
544 879 632 915 ante
652 891 675 915 a
693 878 773 916 suis
804 884 914 929 capta
939 880 1116 930 pervenit.
1172 880 1338 919 Invitari
1357 880 1415 918 de-

74 939 162 977 inde
183 940 336 988 amieos,
357 940 493 991 quibus
510 941 675 978 maxime
694 947 920 990 assueverat,
946 943 1086 992 jussit:
1115 943 1253 994 quippe
1272 956 1417 981 summa

74 1002 262 1040 duntaxat
293 1003 391 1040 cutis
420 1004 459 1040 in
492 1004 635 1041 femore
661 1004 873 1054 perstricta,
890 1017 965 1043 non
991 1005 1216 1056 prohibebat
1236 1006 1416 1045 interesse

75 1065 257 1104 convivio.
336 1066 436 1104 Tum
480 1067 637 1116 repente
681 1079 702 1104 e
744 1067 916 1117 proximo
954 1067 1197 1106 tabernaculo
1242 1068 1416 1120 lugubris

73 1129 228 1178 clamor,
265 1129 429 1167 barbaro
475 1129 637 1177 ululatu,
681 1129 910 1182 planctuque
953 1131 1176 1181 permixtus,
1222 1132 1418 1182 epulantes

74 1192 291 1231 conterruit.
349 1192 496 1232 Cohors
524 1205 682 1244 quoque,
712 1206 799 1244 quae
825 1193 1035 1233 excubabat
1056 1194 1106 1232 ad
1131 1195 1417 1233 tabernaculum

74 1255 188 1307 regis,
223 1255 346 1294 verita
379 1268 427 1294 ne
454 1255 610 1306 majoris
636 1259 765 1295 motus
800 1256 1029 1308 principium
1064 1262 1174 1306 esset,
1203 1270 1349 1296 armare
1377 1271 1417 1296 se

72 1324 244 1370 coeperat.
320 1319 445 1359 Causa
487 1319 640 1370 pavoris
675 1319 793 1358 subiti
828 1319 916 1369 fuit,
951 1320 1053 1372 qued
1092 1325 1214 1359 mater
1248 1334 1417 1372 uxorque

74 1382 194 1430 Darii,
207 1395 300 1420 eum
330 1382 491 1433 captivis
520 1382 724 1431 nobilibus,
743 1383 899 1435 Regem,
927 1396 1040 1435 quem
1067 1383 1310 1422 interfectum
1338 1397 1418 1422 esse

75 1445 288 1495 credebant,
309 1446 458 1498 ingenti
477 1446 622 1497 gemitu
639 1446 858 1498 ejulatuque
877 1447 1075 1486 deflebant.
1131 1447 1242 1486 Unus
1259 1460 1419 1499 namque

77 1521 98 1547 e
134 1509 254 1560 captis
291 1509 531 1560 spadonibus,
568 1509 635 1560 qui
670 1510 771 1548 forte
809 1514 895 1548 ante
930 1510 1098 1560 ipsarum
1133 1511 1417 1549 tabernaculum

73 1577 244 1620 steterat,
263 1572 479 1620 amiculum,
499 1573 614 1623 (quod
633 1572 784 1621 Darius,
803 1573 903 1611 sicut
933 1573 1047 1623 paulo
1075 1574 1164 1611 ante
1183 1573 1329 1612 dictum
1347 1579 1416 1622 est,

75 1648 122 1673 ne
143 1636 155 1653 ²
167 1635 272 1672 cultu
289 1635 524 1686 proderetur,
545 1635 762 1686 abjecerat,)
784 1635 825 1672 in
852 1635 1025 1674 manibus
1044 1637 1126 1685 ejus
1144 1637 1210 1686 qui
1227 1641 1417 1687 repertum

74 1698 229 1747 ferebat,
259 1698 435 1751 agnovit:
474 1703 653 1749 ratusque
684 1698 886 1736 interfecto
919 1698 1131 1737 detractum
1159 1711 1248 1746 esse,
1280 1699 1418 1737 falsum

74 1761 249 1800 nuncium
276 1762 412 1800 mortis
441 1763 524 1812 ejus
552 1761 746 1800 attulerat.
804 1761 892 1799 Hoc
921 1762 1124 1800 mulierum
1162 1775 1288 1800 errore
1324 1775 1418 1800 com-

75 1830 194 1875 perto,
213 1825 433 1864 Alexander
458 1826 624 1864 fortunae
655 1824 777 1873 Darii,
797 1829 836 1863 et
852 1823 988 1875 pietati
1015 1837 1144 1863 earum
1162 1825 1418 1875 illacrymasse

76 1889 202 1927 fertur.
258 1889 318 1927 Ac
336 1889 459 1940 primo
480 1889 725 1938 Mithrenem,
744 1888 812 1939 qui
840 1888 979 1927 Sardes
1005 1888 1235 1939 prodiderat,
1254 1888 1418 1939 peritum

78 1952 243 1991 Persicae
277 1952 431 2005 linguae,
468 1952 524 1991 ire
562 1952 611 1990 ad
646 1952 894 1991 consolandas
931 1964 995 1990 eas
1026 1953 1201 2002 jusserat.
1259 1951 1418 1990 Veritus

79 2015 226 2064 deinde,
262 2029 309 2054 ne
344 2015 516 2067 proditor
551 2016 787 2066 captivarum
818 2015 915 2054 iram
954 2015 1196 2067 doloremque
1231 2020 1419 2067 gravaret,

81 2079 294 2117 Leonatum
329 2092 377 2118 ex
412 2080 631 2131 purpuratis
661 2079 741 2118 suis
772 2079 891 2128 misit,
925 2080 1074 2129 jussum
1109 2079 1287 2127 indicare,
1324 2079 1420 2117 falso

80 2142 285 2181 lamentari
303 2148 367 2181 eas
383 2144 522 2182 vivum.
578 2142 653 2181 Ille
682 2142 766 2181 cu1'n
794 2142 925 2193 paucis
945 2141 1164 2193 'armigeris
1192 2142 1231 2179 in
1250 2142 1420 2181 taberna-

84 2205 224 2254 culum,
243 2205 283 2242 in
309 2219 384 2257 quo
402 2207 562 2257 captivae
580 2210 700 2255 erant,
729 2206 912 2256 pervenit,
941 2205 1172 2256 missumque
1192 2219 1214 2242 a
1233 2205 1340 2257 Rege
1370 2218 1420 2251 se,

82 2268 253 2305 nunciari
286 2269 403 2318 jubet.
460 2270 518 2308 At
553 2269 594 2318 ii,
629 2270 695 2320 qui
731 2270 771 2307 in
803 2269 995 2307 vestibulo
1026 2273 1145 2317 erant,
1178 2273 1222 2306 ut
1258 2274 1422 2306 armatos

83 2336 320 2382 conspexere,
338 2332 415 2370 rati
445 2334 456 2351 ⁴
469 2338 595 2371 actum
613 2346 696 2371 esse
716 2333 762 2371 de
781 2333 954 2380 dominis,
975 2333 1016 2370 in
1042 2332 1324 2370 tabernaculum
1343 2344 1422 2367 cur-

84 2402 187 2441 runt,
220 2395 481 2443 vociferantes,
511 2396 642 2434 adesse
684 2409 895 2446 supremam
934 2395 1077 2442 horam,
1114 2395 1321 2445 missosque
1359 2393 1422 2443 qui

86 2460 299 2496 occiderent
327 2466 465 2508 captas.
524 2461 531 2475 ³
550 2459 695 2509 Itaque,
729 2467 773 2496 ut
805 2473 889 2509 quae
919 2471 986 2495 nec
1024 2457 1223 2507 probibere
1260 2463 1422 2506 possent,
