1583 2680
445 138 602 164 LlBER
638 138 706 163 VI.
747 139 857 164 car.
897 139 964 164 vi.
1305 129 1374 166 123

38 229 139 280 cipes
157 229 373 278 amicorum,
393 243 431 268 et
449 230 657 268 exercitum
675 230 844 282 graviter
863 230 1013 279 offendi,
1031 230 1195 282 gratiam
1213 229 1376 268 liberali-

37 297 119 330 tate
138 291 321 343 donisque
339 305 515 343 reparare
534 293 718 331 tentabat.
775 292 864 342 Sed,
883 293 1028 343 opinor,
1048 292 1180 331 liberis
1210 292 1375 343 pretium

36 354 231 393 servitutis
260 354 452 406 ingratum
481 360 548 394 est.
604 355 743 407 Igitur,
761 368 807 394 ne
825 355 866 393 in
895 355 1120 394 seditionem
1137 366 1198 392 res
1216 358 1376 393 vertere-

36 421 111 465 tur,
132 417 251 455 otium
270 417 588 468 interpellandum
607 423 688 457 erat
715 418 827 467 bello,
847 419 957 468 eujus
979 417 1140 456 materia
1167 417 1375 468 opportune

35 479 219 519 alebatur.
288 479 462 531 Namque
490 480 644 529 Bessus,
671 485 775 519 veste
800 481 907 532 regia
933 483 1094 531 sumpta,
1122 481 1377 518 Artaxerxem

35 542 220 593 appellari
240 555 280 580 se
296 544 475 592 jusserat,
495 543 730 595 Scythasque
751 548 791 582 et
808 549 964 583 eaeteros
979 543 1119 582 Tanais
1133 542 1279 581 accolas
1294 554 1377 579 con-

36 605 223 644 trahebat.
281 606 377 646 Haee
407 606 672 645 Satibarzanes
701 607 929 657 nunciabat3
967 619 1078 658 quem
1113 610 1308 656 receptum
1338 605 1378 642 in

34 669 161 717 fidem,
180 669 326 721 regioni
344 683 454 720 quam
473 670 587 707 antea
605 670 820 708 obtinuerat
837 670 1017 720 praefecit.
1087 669 1142 708 Et
1159 670 1247 707 011111
1264 680 1378 720 grave

35 731 169 782 spoliis
185 737 442 784 apparatuque
454 732 616 770 luxuriae
630 745 766 784 agmen
780 732 845 771 vix
857 737 1082 781 moveretur,
1098 745 1184 770 suas
1197 731 1378 782 primum,

36 794 175 832 deinde
195 795 314 832 totius
333 795 529 833 exercitus
554 795 730 843 sarcinas,
747 795 918 846 exeeptis
932 795 1132 833 admodum
1146 793 1378 842 necessariis,

35 857 197 895 conferri
222 858 340 907 jussit
358 857 398 895 in
416 857 593 896 medium.
677 858 866 896 Planities
893 857 1061 908 spatiosa
1088 861 1183 905 erat,
1202 857 1243 894 in
1268 869 1380 907 quam

35 920 207 959 vehicula
239 925 376 958 onusta
407 920 670 971 perduxerant.
752 920 1070 971 Exspectantibus
1107 919 1251 958 eunetis
1286 918 1380 970 quid

36 983 172 1021 deinde
203 988 303 1021 esset
328 984 596 1033 imperaturus,
613 984 787 1032 jumenta
811 983 931 1032 jussit
959 981 1106 1031 abduci,
1127 982 1277 1033 suisque
1306 981 1380 1032 pri-

36 1047 144 1084 11111111
163 1046 323 1084 sarcinis
341 1046 424 1083 face
444 1045 614 1093 subdita,
635 1050 792 1083 eaeteras
811 1045 961 1083 incendi
980 1045 1170 1095 praecepit.
1226 1044 1380 1095 Flagra-

35 1110 139 1158 bant,
159 1109 408 1148 exurentibus
427 1107 602 1156 dominis,
622 1107 634 1125 ⁸
646 1121 732 1159 quae
748 1112 793 1146 ut
810 1107 955 1146 intacta
974 1121 1022 1146 ex
1039 1107 1198 1146 urbibus
1215 1107 1381 1145 hostium

37 1177 224 1224 raperent,
255 1185 353 1222 saepe
383 1171 554 1209 flammas
582 1171 880 1220 restrinxerant3
910 1171 1017 1209 nullo
1049 1172 1061 1190 ⁹
1077 1170 1275 1222 sanguinis
1301 1183 1381 1220 pre-

38 1237 137 1274 tium
167 1235 328 1274 audente
361 1234 508 1282 deflere,
542 1235 633 1272 011111
662 1234 787 1284 regias
818 1246 908 1285 opes
938 1233 1040 1272 idem
1071 1233 1172 1286 ignis
1196 1238 1380 1272 exureret.

39 1299 177 1338 Brevis
196 1298 333 1336 deinde
351 1297 473 1336 oratio
491 1297 685 1349 mitigavit
712 1297 901 1347 dolorem3
933 1298 958 1316 ¹⁰
974 1297 1194 1348 habilesque
1220 1296 1381 1345 militiae,

38 1367 77 1401 et
94 1362 144 1400 ad
162 1361 289 1401 omnia
304 1361 428 1412 parati
446 1360 676 1400 laetabantur
703 1360 938 1399 sarcinarum
966 1360 1111 1411 potius,
1130 1373 1243 1412 quam
1273 1359 1382 1398 disci-

38 1426 152 1477 plinae
169 1425 303 1463 fecisse
328 1425 527 1475 jacturam.

125 1491 182 1526 16.
213 1487 382 1539 ”Igitur
411 1487 659 1525 Bactrianam
690 1487 882 1538 regionem
910 1487 1102 1537 petebant.
1160 1487 1238 1526 Sed
1270 1487 1382 1525 Nica-

41 1565 111 1590 nor
138 1550 406 1589 Parmenionis
425 1549 540 1597 filius,
561 1549 692 1587 subita
711 1555 834 1588 morte
850 1555 1061 1600 correptus,
1081 1563 1218 1600 magno
1238 1550 1382 1588 deside-

41 1615 98 1652 rio
119 1616 180 1652 sui
199 1613 377 1651 affecerat
395 1616 560 1650 cunctos.
618 1611 707 1650 Rex
739 1617 827 1649 ante
847 1625 978 1650 omnes
1009 1617 1179 1660 moestus,
1208 1612 1385 1663 cupiebat

43 1677 196 1730 quidem
216 1677 242 1694 ¹²
256 1675 476 1723 subsistere,
510 1675 637 1712 funeri
671 1674 885 1724 affuturus3
915 1674 984 1712 sed
1015 1675 1175 1725 penuria
1203 1688 1382 1713 commea-

44 1747 153 1778 tuum
172 1739 354 1778 festinare
373 1738 544 1789 cogebat.
602 1737 741 1788 Itaque
771 1737 948 1776 Philotas
975 1751 1062 1776 eum
1096 1737 1244 1777 duobus
1270 1738 1383 1776 milli-

44 1805 116 1843 bus
134 1809 174 1841 et
192 1816 242 1841 Dc
263 1801 434 1848 relictus,
453 1805 498 1839 ut
527 1802 636 1850 justa
664 1800 775 1838 fratri
801 1800 1057 1851 persolveret:
1087 1801 1168 1850 ipse
1187 1801 1385 1840 contendit

45 1867 94 1904 ad
130 1865 306 1904 Bessum.
362 1863 446 1902 Iter
482 1863 638 1901 facienti
674 1863 819 1902 litterae
855 1863 891 1901 ei
927 1864 1138 1902 afferuntur
1164 1877 1186 1902 a
1212 1864 1384 1902 finitimis

46 1929 306 1979 Satraparum,
326 1940 346 1965 e
364 1926 505 1979 quibus
524 1927 730 1978 cognoscit,
751 1926 916 1964 Bessum
935 1926 1090 1978 quidem
1109 1927 1240 1965 hostili
1260 1927 1384 1965 animo

46 2004 242 2030 occurrere
279 2003 366 2029 cum
398 1990 592 2028 exercitu:
632 1990 816 2028 caeteriim
847 1989 1145 2038 Satibarzanem,
1175 2003 1287 2042 quem
1319 1990 1384 2030 Sa-

48 2054 182 2104 trapiae
214 2053 398 2091 Ariorum
427 2052 509 2103 ipse
541 2052 787 2103 praefeeisset,
819 2052 1002 2090 defecisse
1039 2052 1087 2091 ab
1123 2065 1178 2090 00.
1246 2053 1386 2104 Itaque

48 2129 264 2169 quanquam
294 2115 416 2154 Besso
446 2115 681 2164 imminebat,
710 2121 839 2154 tamen
870 2115 920 2153 ad
948 2115 1234 2155 Satibarzanem
1262 2117 1386 2167 oppri-

49 2179 228 2218 mendum
266 2179 292 2196 ¹³
308 2179 488 2229 praeverti
524 2179 711 2229 optimum
747 2183 866 2227 ratus,
913 2178 1036 2217 levem
1081 2185 1313 2218 armaturam
1349 2184 1388 2217 et

50 2247 246 2295 equestres
276 2241 405 2291 copias
434 2241 587 2279 educit:
618 2244 776 2293 totaque
804 2246 914 2280 nocte
944 2243 1098 2280 strenue
1117 2243 1219 2281 facto
1239 2243 1384 2291 itinere,

52 2305 281 2357 improvisus
312 2303 416 2342 hosti
447 2305 676 2354 supervenit.
746 2304 868 2355 Cujus
900 2305 1052 2357 cognito
1083 2305 1259 2353 adventu,
1291 2305 1387 2343 Sati-

53 2369 232 2408 barzanes
269 2380 356 2404 cum
392 2365 540 2404 duobus
581 2367 752 2405 millibus
789 2368 961 2418 equitum
999 2369 1084 2416 (nee
1120 2369 1222 2406 enim
1259 2368 1387 2417 plures

54 2432 179 2471 subito
209 2429 381 2469 contrahi
413 2431 606 2479 poterant)
641 2429 784 2467 Baetra
813 2431 1007 2482 perfugit:
1039 2431 1167 2469 eaeteri
1195 2430 1387 2479 proximos
