1583 2680
153 163 224 199 158
609 170 794 203 QUINTI
835 170 1019 197 cnnrn

147 265 309 303 domum.
366 262 527 302 Caeteris
541 263 678 315 gratiae
696 267 800 312 actae,
819 263 922 314 quod
940 262 988 301 ad
1007 262 1153 315 reliqua
1169 262 1262 302 belli
1280 266 1487 301 navaturos

146 341 298 378 operam
317 327 605 377 pollicebantur.

226 393 288 428 21.
318 390 552 428 Perventum
581 393 663 427 erat
698 388 739 426 in
775 388 977 438 parvulum
1014 387 1216 439 oppidum3
1264 386 1490 425 Branchidae

146 454 229 502 ejus
260 453 396 491 incolae
433 457 550 490 erant.
608 451 748 490 Mileto
783 451 974 502 quondam
1007 453 1118 501 jussu
1155 451 1311 499 Xerxi&
1345 452 1434 488 011111
1470 462 1490 486 0

147 515 299 554 Graecia
325 515 480 563 rediret,
511 514 757 562 transierant,
787 518 828 551 et
854 514 896 551 in
915 517 961 552 ea
981 513 1070 552 sede
1098 514 1372 552 constiterant:
1401 511 1491 563 quia

146 578 339 628 templum,
359 577 460 628 quod
478 577 694 627 Didymeon
712 576 939 628 appellatur,
957 576 998 614 in
1015 576 1178 628 gratiam
1205 576 1349 614 Xerxis
1376 574 1491 613 viola-

145 645 287 678 verant.
345 640 475 678 Mores
494 639 610 690 patrii
628 639 795 678 nondum
813 639 1077 688 exoleverant3
1106 639 1175 677 sed
1198 640 1279 688 jam
1304 637 1492 689 bilingues

147 708 266 751 erant,
298 703 320 721 ¹⁹
335 703 525 753 paulatim
556 716 580 741 a
624 702 831 741 domestico
868 707 1027 740 externo
1063 714 1234 740 sermone
1279 701 1482 752 degeneres

147 766 286 816 Magno
305 765 424 810 igitur
442 765 583 816 gaudio
609 765 758 813 Regem
787 764 991 814 excipiunt,
1010 764 1142 803 urbem
1161 776 1274 815 seque
1301 763 1483 801 dedentes

146 827 221 865 Ille
254 827 440 875 Milesios,
472 827 539 877 qui
574 826 676 877 apud
712 827 842 877 ipsum
877 826 1104 875 militarent,
1142 826 1340 865 convocari
1371 825 1493 875 jubet.

148 893 272 929 Vetus
291 880 419 929 odium
438 891 584 928 Milesii
603 890 785 942 gerebant
799 891 840 928 in
853 890 1156 929 Branchidarum
1168 895 1331 943 gentem.
1360 891 1388 908 ²⁰
1402 890 1495 928 Pro-

147 954 240 992 ditis
273 955 374 1005 ergo‚
407 953 488 992 sive
519 953 683 1003 injuriae,
721 953 802 992 sive
833 954 858 971 ²¹
876 953 1037 1005 originis
1073 954 1291 992 meminisse
1326 953 1496 1001 mallent,

146 1018 311 1056 liberum
331 1018 377 1055 de
392 1016 624 1055 Branchidis
635 1016 829 1067 permittit
844 1016 1056 1056 arbitrium.
1087 1017 1344 1056 Variantibus
1359 1015 1496 1054 deinde

148 1081 359 1129 sententiis,
380 1080 549 1130 seipsum
567 1079 905 1128 consideraturum,
925 1079 1018 1131 quid
1037 1080 1223 1130 optimum
1249 1080 1356 1117 factu
1383 1084 1496 1127 esset,

148 1143 326 1182 ostendit.
383 1144 412 1161 ²²
427 1143 589 1181 Postero
609 1143 671 1180 die
690 1142 976 1181 occurrentibus
1004 1142 1235 1181 Branchidis
1263 1154 1387 1180 secum
1414 1155 1497 1192 pro·

149 1207 278 1244 cedere
294 1206 414 1256 jubet.
473 1205 648 1257 Cumque
675 1205 726 1242 ad
743 1205 879 1244 urbem
905 1210 1064 1244 ventum
1083 1210 1195 1253 esset,
1215 1205 1296 1256 ipse
1324 1218 1411 1244 cum
1438 1218 1498 1243 ex-

147 1269 281 1320 pedita
299 1281 414 1306 manu
441 1272 591 1319 portam
610 1269 740 1306 intrat.
797 1267 975 1306 Phalanx
992 1268 1131 1306 moenia
1149 1261 1279 1319 oppidi
1298 1268 1499 1306 circumire

156 1334 275 1382 jussa,
296 1336 335 1369 et
354 1331 443 1369 dato
463 1331 571 1382 signo
591 1331 761 1381 diripere
778 1331 924 1380 urbem,
944 1331 1186 1382 proditorum
1204 1331 1497 1381 receptaculum,

148 1396 324 1447 ipsosque
344 1394 393 1432 ad
418 1407 538 1432 unum
566 1393 721 1432 caedere.
779 1393 848 1431 Illi
874 1394 1037 1432 inermes
1065 1394 1207 1444 passim
1234 1394 1496 1444 trucidantur;

148 1471 216 1496 nec
235 1462 303 1496 aut
322 1456 543 1495 commercio
563 1456 717 1508 linguae,
737 1460 803 1494 aut
823 1456 1050 1506 supplicium
1069 1457 1293 1495 velamentis
1310 1457 1500 1508 precibus·

149 1534 222 1573 que
251 1521 415 1559 inhiberi
446 1520 650 1558 crudelitas
679 1524 831 1570 potest:
863 1519 1030 1568 tandem,
1049 1524 1094 1558 ut
1124 1520 1342 1570 dejicerent,
1369 1521 1500 1559 funda-

150 1589 277 1622 menta
306 1596 501 1621 murorum
529 1582 578 1621 ab
609 1583 685 1620 imo
714 1582 937 1631 moliuntur,
965 1595 1013 1620 ne
1040 1583 1140 1634 quod
1167 1583 1276 1622 urbis
1294 1584 1501 1636 vestigium

150 1651 328 1686 exstaret.
360 1645 527 1684 Nemora
545 1645 725 1696 lucosque
745 1658 871 1684 sacros
889 1658 965 1684 non
984 1646 1136 1685 eaedunt
1154 1647 1280 1696 1110110,
1300 1647 1367 1686 sed
1385 1647 1501 1685 etiam

151 1711 355 1761 extirpant,
383 1714 428 1747 ut
456 1713 566 1747 vasta
595 1709 759 1748 solitudo
787 1714 829 1746 et
855 1709 997 1748 sterilis
1025 1709 1175 1758 humus,
1197 1711 1367 1749 excussis
1385 1711 1501 1748 etiam

151 1774 356 1822 radicibus,
376 1773 634 1824 linqueretur:
663 1786 749 1823 quae
768 1772 801 1810 si
820 1772 860 1809 in
879 1773 982 1823 ipsos
1000 1773 1228 1823 proditionis
1247 1778 1421 1812 auctores
1440 1786 1501 1812 ex-

153 1837 321 1889 cogitata
353 1841 493 1884 essent,
528 1837 634 1885 justa
669 1835 766 1873 ultio
804 1848 899 1884 esse,
932 1848 1007 1874 non
1053 1835 1257 1874 crudelitas
1294 1837 1498 1875 videretur.

155 1902 266 1939 Nunc
296 1900 447 1950 culpam
474 1900 661 1948 majorum
685 1898 830 1949 posteri
861 1897 976 1946 luere,
996 1898 1062 1950 qui
1087 1911 1136 1936 nc
1151 1899 1325 1938 viderant
1348 1900 1501 1952 quidem

154 1963 357 2012 Miletum3
387 1962 412 1980 ⁹³
426 1961 521 2000 adeo
541 1961 665 1999 Xerxi
681 1973 756 1999 non
775 1965 978 2011 potuerant
997 1961 1167 2011 prodere.

232 2030 293 2064 22.
323 2025 421 2064 Inde
442 2025 625 2076 processit
644 2024 692 2062 ad
712 2024 875 2062 Tanaim
895 2037 1050 2063 amnem.
1108 2024 1194 2070 Quo
1222 2025 1427 2076 perductus
1445 2031 1504 2064 est

155 2088 309 2136 Bessus,
330 2102 404 2127 non
424 2089 576 2127 vinctus
594 2088 722 2136 modo,
743 2088 809 2126 sed
829 2088 946 2126 etiam
965 2089 991 2106 ²⁴
1009 2088 1111 2126 omni
1131 2088 1346 2127 velamento
1375 2101 1502 2140 corpo-

154 2151 207 2188 ris
227 2151 421 2200 spoliatus.
480 2151 718 2202 Spitamenes
750 2164 834 2188 eum
864 2151 1032 2199 tenebat,
1065 2151 1210 2189 insert-2⁴1
1240 2151 1339 2190 00110
1357 2155 1502 2201 catena,

155 2219 232 2251 tam
252 2214 434 2251 Barbaris
454 2228 567 2265 quam
600 2214 875 2252 Macedonibus
901 2219 1052 2266 gratum
1081 2215 1347 2265 spectaculum.
1404 2216 1503 2254 Tum

157 2276 406 2327 Spitamenes,
437 2280 458 2298 “
474 2277 527 2314 Et
549 2277 621 2324 te,”
643 2277 780 2327 inquit,
803 2281 822 2298 ‘⁵
845 2284 883 2316 et
904 2278 1077 2327 Darium,
1104 2279 1230 2331 Reges
1262 2291 1365 2317 meos
1383 2278 1501 2327 ultus,

156 2340 439 2378 interfectorem
461 2339 604 2377 domini
634 2341 693 2377 sui
714 2340 868 2388 adduxi,
889 2355 931 2379 eo
963 2342 1074 2380 modo
1103 2348 1266 2393 captum,
1286 2344 1394 2393 cujus
1423 2341 1503 2393 ipso

156 2402 249 2440 fecit
267 2402 488 2453 exemplum.
545 2402 570 2420 ²⁶
586 2402 748 2453 Aperiat
767 2403 815 2439 ad
836 2403 905 2441 hoc·
924 2405 1185 2455 spectaculum
1203 2404 1332 2443 oculos
1351 2403 1500 2442 Darius.

159 2464 315 2503 Existat
335 2465 381 2504 ab
400 2465 542 2514 inseris,
561 2465 626 2517 qui
647 2465 712 2503 illo
732 2466 912 2517 supplicio
933 2467 1109 2519 indiguus
1127 2468 1213 2516 fuit,
1230 2473 1268 2506 et
1283 2467 1353 2506 hoc
1367 2466 1502 2505 solatio
