<?xml version="1.0" encoding="UTF-8"?>
<!DOCTYPE html PUBLIC "-//W3C//DTD XHTML 1.0 Transitional//EN"
    "http://www.w3.org/TR/xhtml1/DTD/xhtml1-transitional.dtd">
<html xmlns="http://www.w3.org/1999/xhtml" xml:lang="en" lang="en">
 <head>
  <title>
</title>
<meta http-equiv="Content-Type" content="text/html;charset=utf-8" />
  <meta name='ocr-system' content='tesseract 3.04.00' />
  <meta name='ocr-capabilities' content='ocr_page ocr_carea ocr_par ocr_line ocrx_word'/>
</head>
<body>
  <div class='ocr_page' id='page_1' title='image "./lifeexploitsofal00curtuoft_0269.png"; bbox 0 0 1583 2680; ppageno 0'>
   <div class='ocr_carea' id='block_1_1' title="bbox 541 198 1468 235">
    <p class='ocr_par' dir='ltr' id='par_1_1' title="bbox 541 198 1468 235">
     <span class='ocr_line' id='line_1_1' title="bbox 541 198 1468 235; baseline 0.003 -3"><span class='ocrx_word' id='word_1_1' title='bbox 541 206 698 232; x_wconf 81' lang='lat' dir='ltr'>LIBER</span> <span class='ocrx_word' id='word_1_2' title='bbox 734 207 776 231; x_wconf 85' lang='lat' dir='ltr'>x.</span> <span class='ocrx_word' id='word_1_3' title='bbox 815 206 922 232; x_wconf 69' lang='lat' dir='ltr'>car.</span> <span class='ocrx_word' id='word_1_4' title='bbox 961 206 1054 231; x_wconf 88' lang='lat' dir='ltr'>v11.</span> <span class='ocrx_word' id='word_1_5' title='bbox 1391 198 1468 235; x_wconf 80' lang='lat'>259</span> 
     </span>
    </p>
   </div>
   <div class='ocr_carea' id='block_1_2' title="bbox 113 297 1465 1674">
    <p class='ocr_par' dir='ltr' id='par_1_2' title="bbox 113 297 1465 1674">
     <span class='ocr_line' id='line_1_2' title="bbox 124 297 1465 350; baseline 0.001 -13"><span class='ocrx_word' id='word_1_6' title='bbox 124 299 291 350; x_wconf 76' lang='lat' dir='ltr'>¹⁰eoque,</span> <span class='ocrx_word' id='word_1_7' title='bbox 324 297 429 350; x_wconf 87' lang='lat' dir='ltr'>quod</span> <span class='ocrx_word' id='word_1_8' title='bbox 461 298 583 348; x_wconf 90' lang='lat' dir='ltr'>major</span> <span class='ocrx_word' id='word_1_9' title='bbox 612 311 701 349; x_wconf 88' lang='lat' dir='ltr'>pars</span> <span class='ocrx_word' id='word_1_10' title='bbox 732 311 863 337; x_wconf 87' lang='lat' dir='ltr'>eorum</span> <span class='ocrx_word' id='word_1_11' title='bbox 894 298 1117 348; x_wconf 84' lang='lat' dir='ltr'>decreverit,</span> <span class='ocrx_word' id='word_1_12' title='bbox 1148 302 1297 338; x_wconf 90' lang='lat' dir='ltr'>stetur:</span> <span class='ocrx_word' id='word_1_13' title='bbox 1338 300 1465 350; x_wconf 77' lang='lat' dir='ltr'>duces,</span> 
     </span>
     <span class='ocr_line' id='line_1_3' title="bbox 121 361 1465 414; baseline 0 -13"><span class='ocrx_word' id='word_1_14' title='bbox 121 362 366 413; x_wconf 77' lang='lat' dir='ltr'>praefectique</span> <span class='ocrx_word' id='word_1_15' title='bbox 396 361 590 412; x_wconf 87' lang='lat' dir='ltr'>copiarum</span> <span class='ocrx_word' id='word_1_16' title='bbox 620 362 681 399; x_wconf 90' lang='lat' dir='ltr'>his</span> <span class='ocrx_word' id='word_1_17' title='bbox 708 362 908 413; x_wconf 87' lang='lat' dir='ltr'>pareant.&#39;’</span> <span class='ocrx_word' id='word_1_18' title='bbox 966 361 1179 401; x_wconf 85' lang='lat' dir='ltr'>Ptolemaeo</span> <span class='ocrx_word' id='word_1_19' title='bbox 1209 362 1377 414; x_wconf 87' lang='lat' dir='ltr'>quidam,</span> <span class='ocrx_word' id='word_1_20' title='bbox 1402 377 1465 414; x_wconf 91' lang='lat' dir='ltr'>po-</span> 
     </span>
     <span class='ocr_line' id='line_1_4' title="bbox 120 425 1464 464; baseline 0.001 -1"><span class='ocrx_word' id='word_1_21' title='bbox 120 425 238 463; x_wconf 80' lang='lat' dir='ltr'>tiores</span> <span class='ocrx_word' id='word_1_22' title='bbox 268 425 466 463; x_wconf 83' lang='lat' dir='ltr'>Perdicoae</span> <span class='ocrx_word' id='word_1_23' title='bbox 499 425 816 463; x_wconf 82' lang='lat' dir='ltr'><strong>assentiebantur.</strong></span> <span class='ocrx_word' id='word_1_24' title='bbox 888 425 988 463; x_wconf 83' lang='lat' dir='ltr'>Tum</span> <span class='ocrx_word' id='word_1_25' title='bbox 1025 425 1238 464; x_wconf 81' lang='lat' dir='ltr'><strong>Aristonus</strong></span> <span class='ocrx_word' id='word_1_26' title='bbox 1268 431 1375 464; x_wconf 87' lang='lat' dir='ltr'>ortus</span> <span class='ocrx_word' id='word_1_27' title='bbox 1407 432 1464 464; x_wconf 85' lang='lat' dir='ltr'>est</span> 
     </span>
     <span class='ocr_line' id='line_1_5' title="bbox 119 487 1451 540; baseline 0.002 -15"><span class='ocrx_word' id='word_1_28' title='bbox 119 487 259 536; x_wconf 92' lang='lat' dir='ltr'>dicere,</span> <span class='ocrx_word' id='word_1_29' title='bbox 280 487 547 526; x_wconf 84' lang='lat' dir='ltr'><strong>Alexandrum</strong></span> <span class='ocrx_word' id='word_1_30' title='bbox 576 487 804 536; x_wconf 84' lang='lat' dir='ltr'>consultum,</span> <span class='ocrx_word' id='word_1_31' title='bbox 825 488 887 526; x_wconf 91' lang='lat' dir='ltr'>cui</span> <span class='ocrx_word' id='word_1_32' title='bbox 914 488 1149 540; x_wconf 88' lang='lat' dir='ltr'>relinqueret</span> <span class='ocrx_word' id='word_1_33' title='bbox 1167 502 1341 540; x_wconf 87' lang='lat' dir='ltr'>regnum,</span> <span class='ocrx_word' id='word_1_34' title='bbox 1361 489 1451 528; x_wconf 72' lang='lat' dir='ltr'>volu</span> 
     </span>
     <span class='ocr_line' id='line_1_6' title="bbox 118 551 1462 603; baseline 0.002 -15"><span class='ocrx_word' id='word_1_35' title='bbox 118 551 192 589; x_wconf 89' lang='lat' dir='ltr'>isse</span> <span class='ocrx_word' id='word_1_36' title='bbox 208 551 395 602; x_wconf 89' lang='lat' dir='ltr'>optimum</span> <span class='ocrx_word' id='word_1_37' title='bbox 415 551 537 602; x_wconf 82' lang='lat' dir='ltr'>deligi</span> <span class='ocrx_word' id='word_1_38' title='bbox 554 563 562 588; x_wconf 73' lang='grc' dir='ltr'>ε</span> <span class='ocrx_word' id='word_1_39' title='bbox 587 551 804 602; x_wconf 88' lang='lat' dir='ltr'>judicatum</span> <span class='ocrx_word' id='word_1_40' title='bbox 833 557 962 590; x_wconf 88' lang='lat' dir='ltr'>autem</span> <span class='ocrx_word' id='word_1_41' title='bbox 981 551 1028 591; x_wconf 89' lang='lat' dir='ltr'>ab</span> <span class='ocrx_word' id='word_1_42' title='bbox 1047 551 1130 603; x_wconf 90' lang='lat' dir='ltr'>ipso</span> <span class='ocrx_word' id='word_1_43' title='bbox 1151 552 1350 603; x_wconf 89' lang='lat' dir='ltr'>optimum,</span> <span class='ocrx_word' id='word_1_44' title='bbox 1374 553 1462 591; x_wconf 89' lang='lat' dir='ltr'>Per-</span> 
     </span>
     <span class='ocr_line' id='line_1_7' title="bbox 118 613 1459 666; baseline 0.001 -15"><span class='ocrx_word' id='word_1_45' title='bbox 118 613 277 662; x_wconf 88' lang='lat' dir='ltr'>diccam,</span> <span class='ocrx_word' id='word_1_46' title='bbox 309 614 372 652; x_wconf 90' lang='lat' dir='ltr'>cui</span> <span class='ocrx_word' id='word_1_47' title='bbox 403 614 589 652; x_wconf 90' lang='lat' dir='ltr'>annulum</span> <span class='ocrx_word' id='word_1_48' title='bbox 621 614 856 653; x_wconf 78' lang='lat' dir='ltr'>tradidisset.</span> <span class='ocrx_word' id='word_1_49' title='bbox 927 614 1064 666; x_wconf 90' lang='lat' dir='ltr'>Neque</span> <span class='ocrx_word' id='word_1_50' title='bbox 1096 614 1197 652; x_wconf 89' lang='lat' dir='ltr'>enim</span> <span class='ocrx_word' id='word_1_51' title='bbox 1227 628 1345 652; x_wconf 90' lang='lat' dir='ltr'>unum</span> <span class='ocrx_word' id='word_1_52' title='bbox 1376 629 1459 653; x_wconf 87' lang='lat' dir='ltr'>eum</span> 
     </span>
     <span class='ocr_line' id='line_1_8' title="bbox 116 677 1461 727; baseline 0.001 -13"><span class='ocrx_word' id='word_1_53' title='bbox 116 677 306 715; x_wconf 86' lang='lat' dir='ltr'>assedisse</span> <span class='ocrx_word' id='word_1_54' title='bbox 325 677 517 725; x_wconf 89' lang='lat' dir='ltr'>morienti,</span> <span class='ocrx_word' id='word_1_55' title='bbox 539 677 607 715; x_wconf 88' lang='lat' dir='ltr'>sed</span> <span class='ocrx_word' id='word_1_56' title='bbox 641 677 973 716; x_wconf 81' lang='lat' dir='ltr'>circumferentem</span> <span class='ocrx_word' id='word_1_57' title='bbox 993 677 1136 727; x_wconf 90' lang='lat' dir='ltr'>oculos,</span> <span class='ocrx_word' id='word_1_58' title='bbox 1158 691 1207 716; x_wconf 90' lang='lat' dir='ltr'>ex</span> <span class='ocrx_word' id='word_1_59' title='bbox 1227 678 1343 716; x_wconf 71' lang='lat' dir='ltr'>turba</span> <span class='ocrx_word' id='word_1_60' title='bbox 1374 680 1461 716; x_wconf 90' lang='lat' dir='ltr'>ami-</span> 
     </span>
     <span class='ocr_line' id='line_1_9' title="bbox 116 740 1460 793; baseline 0.001 -16"><span class='ocrx_word' id='word_1_61' title='bbox 116 753 246 779; x_wconf 87' lang='lat' dir='ltr'>corum</span> <span class='ocrx_word' id='word_1_62' title='bbox 276 740 464 791; x_wconf 86' lang='lat' dir='ltr'>delegisse</span> <span class='ocrx_word' id='word_1_63' title='bbox 492 741 554 778; x_wconf 94' lang='lat' dir='ltr'>cui</span> <span class='ocrx_word' id='word_1_64' title='bbox 589 740 771 779; x_wconf 88' lang='lat' dir='ltr'>traderet.</span> <span class='ocrx_word' id='word_1_65' title='bbox 830 741 997 792; x_wconf 45' lang='lat' dir='ltr'>Placere,</span> <span class='ocrx_word' id='word_1_66' title='bbox 1021 741 1151 793; x_wconf 90' lang='lat' dir='ltr'>igitur,</span> <span class='ocrx_word' id='word_1_67' title='bbox 1179 754 1365 780; x_wconf 87' lang='lat' dir='ltr'>summam</span> <span class='ocrx_word' id='word_1_68' title='bbox 1396 742 1460 779; x_wconf 81' lang='lat' dir='ltr'>im-</span> 
     </span>
     <span class='ocr_line' id='line_1_10' title="bbox 116 803 1460 855; baseline 0.001 -15"><span class='ocrx_word' id='word_1_69' title='bbox 116 803 214 853; x_wconf 89' lang='lat' dir='ltr'>perii</span> <span class='ocrx_word' id='word_1_70' title='bbox 235 803 284 841; x_wconf 91' lang='lat' dir='ltr'>ad</span> <span class='ocrx_word' id='word_1_71' title='bbox 316 803 543 841; x_wconf 81' lang='lat' dir='ltr'>Perdiccam</span> <span class='ocrx_word' id='word_1_72' title='bbox 577 803 728 841; x_wconf 86' lang='lat' dir='ltr'>deferri.</span> <span class='ocrx_word' id='word_1_73' title='bbox 788 803 871 841; x_wconf 80' lang='lat' dir='ltr'>Nec</span> <span class='ocrx_word' id='word_1_74' title='bbox 901 803 1137 852; x_wconf 71' lang='lat' dir='ltr'>dubitavere,</span> <span class='ocrx_word' id='word_1_75' title='bbox 1159 804 1252 855; x_wconf 88' lang='lat' dir='ltr'>quin</span> <span class='ocrx_word' id='word_1_76' title='bbox 1271 817 1361 842; x_wconf 88' lang='lat' dir='ltr'>vera</span> <span class='ocrx_word' id='word_1_77' title='bbox 1380 817 1460 842; x_wconf 91' lang='lat' dir='ltr'>cen·</span> 
     </span>
     <span class='ocr_line' id='line_1_11' title="bbox 116 866 1460 917; baseline 0.001 -14"><span class='ocrx_word' id='word_1_78' title='bbox 116 871 226 904; x_wconf 80' lang='lat' dir='ltr'>seret.</span> <span class='ocrx_word' id='word_1_79' title='bbox 284 866 426 917; x_wconf 87' lang='lat' dir='ltr'>Itaque</span> <span class='ocrx_word' id='word_1_80' title='bbox 455 866 626 905; x_wconf 82' lang='lat' dir='ltr'>universi</span> <span class='ocrx_word' id='word_1_81' title='bbox 655 866 863 917; x_wconf 85' lang='lat' dir='ltr'>procedere</span> <span class='ocrx_word' id='word_1_82' title='bbox 899 867 939 904; x_wconf 92' lang='lat' dir='ltr'>in</span> <span class='ocrx_word' id='word_1_83' title='bbox 968 866 1138 904; x_wconf 89' lang='lat' dir='ltr'>medium</span> <span class='ocrx_word' id='word_1_84' title='bbox 1166 867 1399 917; x_wconf 88' lang='lat' dir='ltr'>Perdiccam,</span> <span class='ocrx_word' id='word_1_85' title='bbox 1422 873 1460 905; x_wconf 92' lang='lat' dir='ltr'>et</span> 
     </span>
     <span class='ocr_line' id='line_1_12' title="bbox 117 929 1460 981; baseline 0.001 -14"><span class='ocrx_word' id='word_1_86' title='bbox 117 929 237 979; x_wconf 83' lang='lat' dir='ltr'>Regis</span> <span class='ocrx_word' id='word_1_87' title='bbox 257 929 441 967; x_wconf 85' lang='lat' dir='ltr'>annulum</span> <span class='ocrx_word' id='word_1_88' title='bbox 460 929 596 968; x_wconf 89' lang='lat' dir='ltr'>tollere</span> <span class='ocrx_word' id='word_1_89' title='bbox 612 929 811 980; x_wconf 87' lang='lat' dir='ltr'>jubebant.</span> <span class='ocrx_word' id='word_1_90' title='bbox 870 929 1058 968; x_wconf 71' lang='lat' dir='ltr'>Haerebat</span> <span class='ocrx_word' id='word_1_91' title='bbox 1084 930 1184 968; x_wconf 86' lang='lat' dir='ltr'>inter</span> <span class='ocrx_word' id='word_1_92' title='bbox 1212 930 1460 981; x_wconf 85' lang='lat' dir='ltr'>cupiditatem</span> 
     </span>
     <span class='ocr_line' id='line_1_13' title="bbox 115 992 1459 1044; baseline 0.001 -14"><span class='ocrx_word' id='word_1_93' title='bbox 115 992 385 1044; x_wconf 85' lang='lat' dir='ltr'>pudoremque,</span> <span class='ocrx_word' id='word_1_94' title='bbox 420 997 460 1031; x_wconf 88' lang='lat' dir='ltr'>et</span> <span class='ocrx_word' id='word_1_95' title='bbox 487 994 562 1044; x_wconf 75' lang='lat' dir='ltr'>quo</span> <span class='ocrx_word' id='word_1_96' title='bbox 593 993 810 1031; x_wconf 72' lang='lat' dir='ltr'>modestius</span> <span class='ocrx_word' id='word_1_97' title='bbox 842 993 945 1044; x_wconf 91' lang='lat' dir='ltr'>quod</span> <span class='ocrx_word' id='word_1_98' title='bbox 978 993 1215 1044; x_wconf 89' lang='lat' dir='ltr'>expectabat,</span> <span class='ocrx_word' id='word_1_99' title='bbox 1249 998 1459 1044; x_wconf 87' lang='lat' dir='ltr'>appeteret,</span> 
     </span>
     <span class='ocr_line' id='line_1_14' title="bbox 114 1055 1459 1108; baseline 0.001 -15"><span class='ocrx_word' id='word_1_100' title='bbox 114 1056 355 1105; x_wconf 75' lang='lat' dir='ltr'>pervicacius</span> <span class='ocrx_word' id='word_1_101' title='bbox 385 1056 583 1094; x_wconf 88' lang='lat' dir='ltr'>oblaturos</span> <span class='ocrx_word' id='word_1_102' title='bbox 610 1069 692 1094; x_wconf 90' lang='lat' dir='ltr'>esse</span> <span class='ocrx_word' id='word_1_103' title='bbox 723 1056 913 1095; x_wconf 88' lang='lat' dir='ltr'>credebat.</span> <span class='ocrx_word' id='word_1_104' title='bbox 971 1055 1112 1108; x_wconf 89' lang='lat' dir='ltr'>Itaque</span> <span class='ocrx_word' id='word_1_105' title='bbox 1145 1061 1359 1106; x_wconf 88' lang='lat' dir='ltr'>cunctatus,</span> <span class='ocrx_word' id='word_1_106' title='bbox 1381 1057 1459 1094; x_wconf 89' lang='lat' dir='ltr'>diu—</span> 
     </span>
     <span class='ocr_line' id='line_1_15' title="bbox 113 1118 1460 1170; baseline 0.001 -14"><span class='ocrx_word' id='word_1_107' title='bbox 113 1131 186 1170; x_wconf 88' lang='lat' dir='ltr'>que</span> <span class='ocrx_word' id='word_1_108' title='bbox 224 1118 318 1170; x_wconf 91' lang='lat' dir='ltr'>quid</span> <span class='ocrx_word' id='word_1_109' title='bbox 357 1124 489 1170; x_wconf 88' lang='lat' dir='ltr'>ageret</span> <span class='ocrx_word' id='word_1_110' title='bbox 524 1119 707 1168; x_wconf 88' lang='lat' dir='ltr'>incertus,</span> <span class='ocrx_word' id='word_1_111' title='bbox 745 1119 795 1157; x_wconf 90' lang='lat' dir='ltr'>ad</span> <span class='ocrx_word' id='word_1_112' title='bbox 832 1119 1013 1157; x_wconf 85' lang='lat' dir='ltr'>ultimum</span> <span class='ocrx_word' id='word_1_113' title='bbox 1049 1124 1177 1157; x_wconf 87' lang='lat' dir='ltr'>tamen</span> <span class='ocrx_word' id='word_1_114' title='bbox 1214 1120 1382 1168; x_wconf 87' lang='lat' dir='ltr'>recessit,</span> <span class='ocrx_word' id='word_1_115' title='bbox 1421 1125 1460 1158; x_wconf 90' lang='lat' dir='ltr'>et</span> 
     </span>
     <span class='ocr_line' id='line_1_16' title="bbox 114 1181 1460 1235; baseline 0.001 -15"><span class='ocrx_word' id='word_1_116' title='bbox 114 1186 202 1232; x_wconf 88' lang='lat' dir='ltr'>post</span> <span class='ocrx_word' id='word_1_117' title='bbox 221 1195 298 1231; x_wconf 88' lang='lat' dir='ltr'>eos,</span> <span class='ocrx_word' id='word_1_118' title='bbox 317 1182 384 1234; x_wconf 89' lang='lat' dir='ltr'>qui</span> <span class='ocrx_word' id='word_1_119' title='bbox 403 1181 583 1220; x_wconf 88' lang='lat' dir='ltr'>sederant</span> <span class='ocrx_word' id='word_1_120' title='bbox 605 1183 784 1234; x_wconf 78' lang='lat' dir='ltr'>proximi,</span> <span class='ocrx_word' id='word_1_121' title='bbox 806 1182 991 1221; x_wconf 85' lang='lat' dir='ltr'>constitit.</span> <span class='ocrx_word' id='word_1_122' title='bbox 1048 1182 1107 1220; x_wconf 86' lang='lat' dir='ltr'>At</span> <span class='ocrx_word' id='word_1_123' title='bbox 1136 1183 1333 1235; x_wconf 80' lang='lat' dir='ltr'>Meleager</span> <span class='ocrx_word' id='word_1_124' title='bbox 1359 1197 1460 1221; x_wconf 91' lang='lat' dir='ltr'>unus</span> 
     </span>
     <span class='ocr_line' id='line_1_17' title="bbox 114 1235 1460 1297; baseline 0.001 -14"><span class='ocrx_word' id='word_1_125' title='bbox 114 1259 134 1283; x_wconf 84' lang='lat' dir='ltr'>e</span> <span class='ocrx_word' id='word_1_126' title='bbox 163 1245 336 1294; x_wconf 89' lang='lat' dir='ltr'>ducibus,</span> <span class='ocrx_word' id='word_1_127' title='bbox 356 1245 575 1284; x_wconf 88' lang='lat' dir='ltr'>confirmato</span> <span class='ocrx_word' id='word_1_128' title='bbox 605 1235 742 1296; x_wconf 84' lang='lat' dir='ltr'>animo,</span> <span class='ocrx_word' id='word_1_129' title='bbox 760 1259 874 1297; x_wconf 92' lang='lat' dir='ltr'>quem</span> <span class='ocrx_word' id='word_1_130' title='bbox 905 1245 1103 1284; x_wconf 80' lang='lat' dir='ltr'>Perdieeoe</span> <span class='ocrx_word' id='word_1_131' title='bbox 1136 1246 1330 1284; x_wconf 88' lang='lat' dir='ltr'>cunetatio</span> <span class='ocrx_word' id='word_1_132' title='bbox 1357 1259 1460 1285; x_wconf 91' lang='lat' dir='ltr'>erex-</span> 
     </span>
     <span class='ocr_line' id='line_1_18' title="bbox 114 1307 1459 1360; baseline 0.001 -16"><span class='ocrx_word' id='word_1_133' title='bbox 114 1312 209 1356; x_wconf 85' lang='lat' dir='ltr'>erat,</span> <span class='ocrx_word' id='word_1_134' title='bbox 251 1307 374 1347; x_wconf 86' lang='lat' dir='ltr'>“Nec</span> <span class='ocrx_word' id='word_1_135' title='bbox 418 1308 486 1347; x_wconf 85' lang='lat' dir='ltr'>Dii</span> <span class='ocrx_word' id='word_1_136' title='bbox 526 1309 720 1358; x_wconf 87' lang='lat' dir='ltr'>siverint‚’&#39;</span> <span class='ocrx_word' id='word_1_137' title='bbox 754 1309 890 1360; x_wconf 89' lang='lat' dir='ltr'>inquit,</span> <span class='ocrx_word' id='word_1_138' title='bbox 925 1310 1005 1346; x_wconf 88' lang='lat' dir='ltr'>“ut</span> <span class='ocrx_word' id='word_1_139' title='bbox 1041 1308 1257 1346; x_wconf 81' lang='lat' dir='ltr'>Alexandri</span> <span class='ocrx_word' id='word_1_140' title='bbox 1293 1309 1459 1357; x_wconf 84' lang='lat' dir='ltr'>fortuna,</span> 
     </span>
     <span class='ocr_line' id='line_1_19' title="bbox 114 1371 1460 1423; baseline 0.001 -15"><span class='ocrx_word' id='word_1_141' title='bbox 114 1371 288 1423; x_wconf 89' lang='lat' dir='ltr'>tantique</span> <span class='ocrx_word' id='word_1_142' title='bbox 321 1371 428 1423; x_wconf 87' lang='lat' dir='ltr'>regni</span> <span class='ocrx_word' id='word_1_143' title='bbox 458 1372 658 1423; x_wconf 89' lang='lat' dir='ltr'>fastigium</span> <span class='ocrx_word' id='word_1_144' title='bbox 689 1372 729 1409; x_wconf 95' lang='lat' dir='ltr'>in</span> <span class='ocrx_word' id='word_1_145' title='bbox 762 1372 858 1410; x_wconf 91' lang='lat' dir='ltr'>istos</span> <span class='ocrx_word' id='word_1_146' title='bbox 889 1371 1068 1410; x_wconf 89' lang='lat' dir='ltr'>humeros</span> <span class='ocrx_word' id='word_1_147' title='bbox 1098 1376 1198 1410; x_wconf 88' lang='lat' dir='ltr'>ruat.</span> <span class='ocrx_word' id='word_1_148' title='bbox 1271 1371 1460 1410; x_wconf 87' lang='lat' dir='ltr'>Homines</span> 
     </span>
     <span class='ocr_line' id='line_1_20' title="bbox 114 1433 1459 1487; baseline -0.001 -15"><span class='ocrx_word' id='word_1_149' title='bbox 114 1433 218 1472; x_wconf 77' lang='lat' dir='ltr'>certe</span> <span class='ocrx_word' id='word_1_150' title='bbox 236 1447 312 1473; x_wconf 90' lang='lat' dir='ltr'>non</span> <span class='ocrx_word' id='word_1_151' title='bbox 330 1435 466 1473; x_wconf 84' lang='lat' dir='ltr'>ferent.</span> <span class='ocrx_word' id='word_1_152' title='bbox 526 1437 551 1454; x_wconf 87' lang='lat'>¹¹</span> <span class='ocrx_word' id='word_1_153' title='bbox 568 1434 680 1473; x_wconf 87' lang='lat' dir='ltr'>Nihil</span> <span class='ocrx_word' id='word_1_154' title='bbox 711 1435 795 1473; x_wconf 91' lang='lat' dir='ltr'>dico</span> <span class='ocrx_word' id='word_1_155' title='bbox 827 1434 874 1473; x_wconf 90' lang='lat' dir='ltr'>de</span> <span class='ocrx_word' id='word_1_156' title='bbox 894 1434 1149 1473; x_wconf 87' lang='lat' dir='ltr'>nobilioribus</span> <span class='ocrx_word' id='word_1_157' title='bbox 1168 1435 1289 1487; x_wconf 73' lang='lat' dir='ltr'>quam</span> <span class='ocrx_word' id='word_1_158' title='bbox 1308 1435 1370 1473; x_wconf 90' lang='lat' dir='ltr'>hic</span> <span class='ocrx_word' id='word_1_159' title='bbox 1390 1439 1459 1483; x_wconf 85' lang='lat' dir='ltr'>est,</span> 
     </span>
     <span class='ocr_line' id='line_1_21' title="bbox 114 1497 1457 1550; baseline 0.001 -15"><span class='ocrx_word' id='word_1_160' title='bbox 114 1497 182 1534; x_wconf 86' lang='lat' dir='ltr'>scd</span> <span class='ocrx_word' id='word_1_161' title='bbox 212 1497 259 1536; x_wconf 91' lang='lat' dir='ltr'>de</span> <span class='ocrx_word' id='word_1_162' title='bbox 277 1498 373 1536; x_wconf 85' lang='lat' dir='ltr'>viris</span> <span class='ocrx_word' id='word_1_163' title='bbox 401 1499 568 1547; x_wconf 74' lang='lat' dir='ltr'>tantum,</span> <span class='ocrx_word' id='word_1_164' title='bbox 588 1498 730 1550; x_wconf 91' lang='lat' dir='ltr'>quibus</span> <span class='ocrx_word' id='word_1_165' title='bbox 757 1497 891 1537; x_wconf 87' lang='lat' dir='ltr'>invitis</span> <span class='ocrx_word' id='word_1_166' title='bbox 916 1497 1014 1536; x_wconf 91' lang='lat' dir='ltr'>nihil</span> <span class='ocrx_word' id='word_1_167' title='bbox 1042 1499 1201 1548; x_wconf 76' lang='lat' dir='ltr'>perpeti</span> <span class='ocrx_word' id='word_1_168' title='bbox 1212 1510 1367 1536; x_wconf 89' lang='lat' dir='ltr'>necesse</span> <span class='ocrx_word' id='word_1_169' title='bbox 1387 1503 1457 1536; x_wconf 90' lang='lat' dir='ltr'>est.</span> 
     </span>
     <span class='ocr_line' id='line_1_22' title="bbox 116 1559 1458 1612; baseline 0.001 -15"><span class='ocrx_word' id='word_1_170' title='bbox 116 1559 153 1597; x_wconf 83' lang='lat' dir='ltr'>N</span> <span class='ocrx_word' id='word_1_171' title='bbox 157 1572 199 1597; x_wconf 91' lang='lat' dir='ltr'>ec</span> <span class='ocrx_word' id='word_1_172' title='bbox 214 1561 305 1598; x_wconf 78' lang='lat' dir='ltr'>vero</span> <span class='ocrx_word' id='word_1_173' title='bbox 324 1560 498 1608; x_wconf 88' lang='lat' dir='ltr'>interest,</span> <span class='ocrx_word' id='word_1_174' title='bbox 518 1561 702 1599; x_wconf 84' lang='lat' dir='ltr'>Roxanes</span> <span class='ocrx_word' id='word_1_175' title='bbox 721 1561 854 1611; x_wconf 81' lang='lat' dir='ltr'>filium,</span> <span class='ocrx_word' id='word_1_176' title='bbox 869 1561 1182 1612; x_wconf 83' lang='lat' dir='ltr'>quandocumque</span> <span class='ocrx_word' id='word_1_177' title='bbox 1200 1561 1355 1611; x_wconf 80' lang='lat' dir='ltr'>genitus</span> <span class='ocrx_word' id='word_1_178' title='bbox 1374 1561 1458 1609; x_wconf 87' lang='lat' dir='ltr'>erit,</span> 
     </span>
     <span class='ocr_line' id='line_1_23' title="bbox 115 1622 1458 1674; baseline -0.001 -14"><span class='ocrx_word' id='word_1_179' title='bbox 115 1636 163 1660; x_wconf 91' lang='lat' dir='ltr'>an</span> <span class='ocrx_word' id='word_1_180' title='bbox 199 1623 424 1661; x_wconf 86' lang='lat' dir='ltr'>Perdiccam</span> <span class='ocrx_word' id='word_1_181' title='bbox 456 1623 604 1674; x_wconf 85' lang='lat' dir='ltr'>Regem</span> <span class='ocrx_word' id='word_1_182' title='bbox 637 1623 824 1671; x_wconf 86' lang='lat' dir='ltr'>habeatis,</span> <span class='ocrx_word' id='word_1_183' title='bbox 847 1624 936 1661; x_wconf 72' lang='lat' dir='ltr'>cum</span> <span class='ocrx_word' id='word_1_184' title='bbox 969 1623 1042 1660; x_wconf 87' lang='lat' dir='ltr'>iste</span> <span class='ocrx_word' id='word_1_185' title='bbox 1063 1623 1134 1661; x_wconf 90' lang='lat' dir='ltr'>sub</span> <span class='ocrx_word' id='word_1_186' title='bbox 1168 1622 1303 1661; x_wconf 84' lang='lat' dir='ltr'>tutelae</span> <span class='ocrx_word' id='word_1_187' title='bbox 1333 1623 1458 1674; x_wconf 87' lang='lat' dir='ltr'>speeie</span> 
     </span>
    </p>
   </div>
   <div class='ocr_carea' id='block_1_3' title="bbox 113 1685 1459 2496">
    <p class='ocr_par' dir='ltr' id='par_1_3' title="bbox 113 1685 1459 2370">
     <span class='ocr_line' id='line_1_24' title="bbox 114 1685 1459 1738; baseline -0.001 -13"><span class='ocrx_word' id='word_1_188' title='bbox 114 1699 275 1737; x_wconf 84' lang='lat' dir='ltr'>regnum</span> <span class='ocrx_word' id='word_1_189' title='bbox 305 1691 557 1738; x_wconf 89' lang='lat' dir='ltr'>occupaturus</span> <span class='ocrx_word' id='word_1_190' title='bbox 587 1687 649 1725; x_wconf 87' lang='lat' dir='ltr'>sit.</span> <span class='ocrx_word' id='word_1_191' title='bbox 720 1685 860 1738; x_wconf 88' lang='lat' dir='ltr'>Itaque</span> <span class='ocrx_word' id='word_1_192' title='bbox 891 1698 1001 1724; x_wconf 90' lang='lat' dir='ltr'>nemo</span> <span class='ocrx_word' id='word_1_193' title='bbox 1034 1685 1070 1723; x_wconf 89' lang='lat' dir='ltr'>ei</span> <span class='ocrx_word' id='word_1_194' title='bbox 1103 1685 1193 1724; x_wconf 85' lang='lat' dir='ltr'>Rex</span> <span class='ocrx_word' id='word_1_195' title='bbox 1222 1685 1363 1736; x_wconf 87' lang='lat' dir='ltr'>placet,</span> <span class='ocrx_word' id='word_1_196' title='bbox 1383 1686 1459 1724; x_wconf 89' lang='lat' dir='ltr'>nisi</span> 
     </span>
     <span class='ocr_line' id='line_1_25' title="bbox 113 1748 1458 1801; baseline -0.001 -13"><span class='ocrx_word' id='word_1_197' title='bbox 113 1751 181 1801; x_wconf 88' lang='lat' dir='ltr'>qui</span> <span class='ocrx_word' id='word_1_198' title='bbox 198 1749 367 1788; x_wconf 91' lang='lat' dir='ltr'>nondum</span> <span class='ocrx_word' id='word_1_199' title='bbox 385 1754 499 1788; x_wconf 89' lang='lat' dir='ltr'>natus</span> <span class='ocrx_word' id='word_1_200' title='bbox 519 1754 589 1788; x_wconf 89' lang='lat' dir='ltr'>est.</span> <span class='ocrx_word' id='word_1_201' title='bbox 648 1749 703 1788; x_wconf 85' lang='lat' dir='ltr'>Et</span> <span class='ocrx_word' id='word_1_202' title='bbox 721 1749 762 1787; x_wconf 91' lang='lat' dir='ltr'>in</span> <span class='ocrx_word' id='word_1_203' title='bbox 781 1750 891 1787; x_wconf 63' lang='lat' dir='ltr'>tanta</span> <span class='ocrx_word' id='word_1_204' title='bbox 911 1748 1081 1787; x_wconf 89' lang='lat' dir='ltr'>omnium</span> <span class='ocrx_word' id='word_1_205' title='bbox 1100 1748 1362 1797; x_wconf 86' lang='lat' dir='ltr'>festinatione,</span> <span class='ocrx_word' id='word_1_206' title='bbox 1382 1761 1458 1787; x_wconf 93' lang='lat' dir='ltr'>non</span> 
     </span>
     <span class='ocr_line' id='line_1_26' title="bbox 121 1810 1455 1863; baseline -0.001 -12"><span class='ocrx_word' id='word_1_207' title='bbox 121 1815 231 1863; x_wconf 78' lang='lat' dir='ltr'>justa</span> <span class='ocrx_word' id='word_1_208' title='bbox 259 1813 372 1852; x_wconf 73' lang='lat' dir='ltr'>modo</span> <span class='ocrx_word' id='word_1_209' title='bbox 393 1813 461 1852; x_wconf 90' lang='lat' dir='ltr'>sed</span> <span class='ocrx_word' id='word_1_210' title='bbox 486 1813 603 1852; x_wconf 88' lang='lat' dir='ltr'>etiam</span> <span class='ocrx_word' id='word_1_211' title='bbox 634 1811 864 1861; x_wconf 64' lang='lat' dir='ltr'>necessari-82,</span> <span class='ocrx_word' id='word_1_212' title='bbox 885 1812 909 1830; x_wconf 80' lang='lat'>¹²</span> <span class='ocrx_word' id='word_1_213' title='bbox 918 1816 1074 1850; x_wconf 90' lang='lat' dir='ltr'>exactos</span> <span class='ocrx_word' id='word_1_214' title='bbox 1100 1823 1250 1849; x_wconf 86' lang='lat' dir='ltr'>menses</span> <span class='ocrx_word' id='word_1_215' title='bbox 1271 1810 1375 1849; x_wconf 87' lang='lat' dir='ltr'>solus</span> <span class='ocrx_word' id='word_1_216' title='bbox 1395 1824 1455 1850; x_wconf 84' lang='lat' dir='ltr'>ex-</span> 
     </span>
     <span class='ocr_line' id='line_1_27' title="bbox 113 1874 1457 1927; baseline -0.001 -13"><span class='ocrx_word' id='word_1_217' title='bbox 113 1881 253 1927; x_wconf 89' lang='lat' dir='ltr'>pectat,</span> <span class='ocrx_word' id='word_1_218' title='bbox 284 1882 324 1915; x_wconf 86' lang='lat' dir='ltr'>et</span> <span class='ocrx_word' id='word_1_219' title='bbox 349 1878 430 1927; x_wconf 86' lang='lat' dir='ltr'>jam</span> <span class='ocrx_word' id='word_1_220' title='bbox 459 1876 609 1916; x_wconf 83' lang='lat' dir='ltr'>divinat</span> <span class='ocrx_word' id='word_1_221' title='bbox 637 1889 781 1914; x_wconf 88' lang='lat' dir='ltr'>marem</span> <span class='ocrx_word' id='word_1_222' title='bbox 811 1888 894 1914; x_wconf 87' lang='lat' dir='ltr'>esse</span> <span class='ocrx_word' id='word_1_223' title='bbox 928 1879 1178 1926; x_wconf 79' lang='lat' dir='ltr'>conceptum3</span> <span class='ocrx_word' id='word_1_224' title='bbox 1209 1874 1360 1926; x_wconf 79' lang='lat' dir='ltr'>’³quem</span> <span class='ocrx_word' id='word_1_225' title='bbox 1389 1887 1457 1913; x_wconf 86' lang='lat' dir='ltr'>vos</span> 
     </span>
     <span class='ocr_line' id='line_1_28' title="bbox 115 1937 1457 1991; baseline -0.002 -13"><span class='ocrx_word' id='word_1_226' title='bbox 115 1939 305 1978; x_wconf 89' lang='lat' dir='ltr'>dubitatis</span> <span class='ocrx_word' id='word_1_227' title='bbox 330 1945 507 1991; x_wconf 87' lang='lat' dir='ltr'>paratum</span> <span class='ocrx_word' id='word_1_228' title='bbox 526 1953 608 1978; x_wconf 90' lang='lat' dir='ltr'>csse</span> <span class='ocrx_word' id='word_1_229' title='bbox 627 1939 689 1978; x_wconf 80' lang='lat' dir='ltr'>vel</span> <span class='ocrx_word' id='word_1_230' title='bbox 710 1938 904 1978; x_wconf 87' lang='lat' dir='ltr'>subdere?</span> <span class='ocrx_word' id='word_1_231' title='bbox 959 1938 1003 1978; x_wconf 90' lang='lat' dir='ltr'>Si</span> <span class='ocrx_word' id='word_1_232' title='bbox 1029 1938 1184 1976; x_wconf 75' lang='lat' dir='ltr'>medius</span> <span class='ocrx_word' id='word_1_233' title='bbox 1203 1937 1319 1975; x_wconf 80' lang='lat' dir='ltr'>fidius</span> <span class='ocrx_word' id='word_1_234' title='bbox 1340 1937 1457 1975; x_wconf 86' lang='lat' dir='ltr'>Alex·</span> 
     </span>
     <span class='ocr_line' id='line_1_29' title="bbox 115 2000 1457 2054; baseline -0.004 -12"><span class='ocrx_word' id='word_1_235' title='bbox 115 2003 233 2041; x_wconf 89' lang='lat' dir='ltr'>ander</span> <span class='ocrx_word' id='word_1_236' title='bbox 259 2003 360 2042; x_wconf 90' lang='lat' dir='ltr'>hunc</span> <span class='ocrx_word' id='word_1_237' title='bbox 386 2003 497 2042; x_wconf 90' lang='lat' dir='ltr'>nobis</span> <span class='ocrx_word' id='word_1_238' title='bbox 517 2003 668 2054; x_wconf 88' lang='lat' dir='ltr'>Regem</span> <span class='ocrx_word' id='word_1_239' title='bbox 692 2015 761 2054; x_wconf 91' lang='lat' dir='ltr'>pro</span> <span class='ocrx_word' id='word_1_240' title='bbox 782 2015 821 2041; x_wconf 88' lang='lat' dir='ltr'>se</span> <span class='ocrx_word' id='word_1_241' title='bbox 841 2001 1075 2054; x_wconf 87' lang='lat' dir='ltr'>reliquisset,</span> <span class='ocrx_word' id='word_1_242' title='bbox 1096 2000 1136 2038; x_wconf 83' lang='lat' dir='ltr'>id</span> <span class='ocrx_word' id='word_1_243' title='bbox 1169 2000 1292 2038; x_wconf 89' lang='lat' dir='ltr'>solum</span> <span class='ocrx_word' id='word_1_244' title='bbox 1319 2013 1367 2038; x_wconf 90' lang='lat' dir='ltr'>ex</span> <span class='ocrx_word' id='word_1_245' title='bbox 1396 2000 1457 2038; x_wconf 91' lang='lat' dir='ltr'>his</span> 
     </span>
     <span class='ocr_line' id='line_1_30' title="bbox 114 2063 1457 2118; baseline -0.003 -13"><span class='ocrx_word' id='word_1_246' title='bbox 114 2079 201 2118; x_wconf 81' lang='lat' dir='ltr'>quoe</span> <span class='ocrx_word' id='word_1_247' title='bbox 228 2066 468 2117; x_wconf 71' lang='lat' dir='ltr'>imperasset,</span> <span class='ocrx_word' id='word_1_248' title='bbox 487 2079 564 2105; x_wconf 90' lang='lat' dir='ltr'>non</span> <span class='ocrx_word' id='word_1_249' title='bbox 591 2066 806 2105; x_wconf 86' lang='lat' dir='ltr'>faciendum</span> <span class='ocrx_word' id='word_1_250' title='bbox 834 2078 916 2103; x_wconf 88' lang='lat' dir='ltr'>csse</span> <span class='ocrx_word' id='word_1_251' title='bbox 945 2077 1148 2103; x_wconf 90' lang='lat' dir='ltr'>censerem.</span> <span class='ocrx_word' id='word_1_252' title='bbox 1207 2063 1310 2109; x_wconf 89' lang='lat' dir='ltr'>Quin</span> <span class='ocrx_word' id='word_1_253' title='bbox 1338 2063 1457 2116; x_wconf 84' lang='lat' dir='ltr'>igitur</span> 
     </span>
     <span class='ocr_line' id='line_1_31' title="bbox 115 2126 1456 2180; baseline -0.002 -13"><span class='ocrx_word' id='word_1_254' title='bbox 115 2130 165 2168; x_wconf 89' lang='lat' dir='ltr'>ad</span> <span class='ocrx_word' id='word_1_255' title='bbox 213 2129 448 2180; x_wconf 87' lang='lat' dir='ltr'>diripiendos</span> <span class='ocrx_word' id='word_1_256' title='bbox 488 2130 688 2168; x_wconf 87' lang='lat' dir='ltr'>thesauros</span> <span class='ocrx_word' id='word_1_257' title='bbox 725 2127 974 2166; x_wconf 86' lang='lat' dir='ltr'>discurritis?</span> <span class='ocrx_word' id='word_1_258' title='bbox 1014 2127 1150 2165; x_wconf 90' lang='lat' dir='ltr'>harum</span> <span class='ocrx_word' id='word_1_259' title='bbox 1197 2126 1299 2165; x_wconf 90' lang='lat' dir='ltr'>enim</span> <span class='ocrx_word' id='word_1_260' title='bbox 1344 2139 1456 2178; x_wconf 90' lang='lat' dir='ltr'>opum</span> 
     </span>
     <span class='ocr_line' id='line_1_32' title="bbox 118 2189 1457 2244; baseline -0.002 -14"><span class='ocrx_word' id='word_1_261' title='bbox 118 2192 313 2244; x_wconf 86' lang='lat' dir='ltr'>regiarum</span> <span class='ocrx_word' id='word_1_262' title='bbox 345 2192 479 2243; x_wconf 89' lang='lat' dir='ltr'>utique</span> <span class='ocrx_word' id='word_1_263' title='bbox 518 2193 544 2211; x_wconf 85' lang='lat'>¹⁴</span> <span class='ocrx_word' id='word_1_264' title='bbox 557 2191 722 2243; x_wconf 88' lang='lat' dir='ltr'>populus</span> <span class='ocrx_word' id='word_1_265' title='bbox 753 2196 812 2229; x_wconf 89' lang='lat' dir='ltr'>est</span> <span class='ocrx_word' id='word_1_266' title='bbox 839 2190 994 2229; x_wconf 85' lang='lat' dir='ltr'>haeres.⁷’</span> <span class='ocrx_word' id='word_1_267' title='bbox 1051 2190 1150 2229; x_wconf 86' lang='lat' dir='ltr'>Haee</span> <span class='ocrx_word' id='word_1_268' title='bbox 1175 2189 1361 2239; x_wconf 82' lang='lat' dir='ltr'>elocutus,</span> <span class='ocrx_word' id='word_1_269' title='bbox 1389 2203 1457 2241; x_wconf 91' lang='lat' dir='ltr'>per</span> 
     </span>
     <span class='ocr_line' id='line_1_33' title="bbox 115 2253 1456 2306; baseline -0.003 -12"><span class='ocrx_word' id='word_1_270' title='bbox 115 2256 262 2294; x_wconf 90' lang='lat' dir='ltr'>medios</span> <span class='ocrx_word' id='word_1_271' title='bbox 281 2260 447 2293; x_wconf 88' lang='lat' dir='ltr'>armatos</span> <span class='ocrx_word' id='word_1_272' title='bbox 467 2256 604 2306; x_wconf 87' lang='lat' dir='ltr'>erupit.</span> <span class='ocrx_word' id='word_1_273' title='bbox 663 2255 719 2293; x_wconf 88' lang='lat' dir='ltr'>Et</span> <span class='ocrx_word' id='word_1_274' title='bbox 737 2254 803 2306; x_wconf 89' lang='lat' dir='ltr'>qui</span> <span class='ocrx_word' id='word_1_275' title='bbox 820 2253 975 2293; x_wconf 88' lang='lat' dir='ltr'>abeunti</span> <span class='ocrx_word' id='word_1_276' title='bbox 993 2253 1095 2293; x_wconf 79' lang='lat' dir='ltr'>viam</span> <span class='ocrx_word' id='word_1_277' title='bbox 1114 2253 1310 2302; x_wconf 86' lang='lat' dir='ltr'>dederant,</span> <span class='ocrx_word' id='word_1_278' title='bbox 1331 2253 1456 2304; x_wconf 91' lang='lat' dir='ltr'>ipsum</span> 
     </span>
     <span class='ocr_line' id='line_1_34' title="bbox 115 2317 955 2370; baseline -0.002 -13"><span class='ocrx_word' id='word_1_279' title='bbox 115 2319 165 2358; x_wconf 86' lang='lat' dir='ltr'>ad</span> <span class='ocrx_word' id='word_1_280' title='bbox 182 2318 473 2370; x_wconf 88' lang='lat' dir='ltr'>pronunciatam</span> <span class='ocrx_word' id='word_1_281' title='bbox 500 2317 671 2369; x_wconf 80' lang='lat' dir='ltr'>praedam</span> <span class='ocrx_word' id='word_1_282' title='bbox 690 2317 955 2369; x_wconf 85' lang='lat' dir='ltr'>sequebantur.</span> 
     </span>
    </p>

    <p class='ocr_par' dir='ltr' id='par_1_4' title="bbox 113 2379 1456 2496">
     <span class='ocr_line' id='line_1_35' title="bbox 137 2379 1456 2432; baseline -0.002 -13"><span class='ocrx_word' id='word_1_283' title='bbox 137 2408 147 2419; x_wconf 85' lang='lat'>.</span> <span class='ocrx_word' id='word_1_284' title='bbox 196 2381 296 2421; x_wconf 90' lang='lat' dir='ltr'>VII.</span> <span class='ocrx_word' id='word_1_285' title='bbox 332 2383 388 2421; x_wconf 85' lang='lat'>18.</span> <span class='ocrx_word' id='word_1_286' title='bbox 417 2381 582 2432; x_wconf 83' lang='lat' dir='ltr'>Jamque</span> <span class='ocrx_word' id='word_1_287' title='bbox 613 2385 841 2419; x_wconf 89' lang='lat' dir='ltr'>armatorum</span> <span class='ocrx_word' id='word_1_288' title='bbox 872 2380 973 2419; x_wconf 82' lang='lat' dir='ltr'>cirea</span> <span class='ocrx_word' id='word_1_289' title='bbox 1009 2379 1244 2432; x_wconf 85' lang='lat' dir='ltr'>Meleagrum</span> <span class='ocrx_word' id='word_1_290' title='bbox 1278 2379 1456 2430; x_wconf 85' lang='lat' dir='ltr'>frequens</span> 
     </span>
     <span class='ocr_line' id='line_1_36' title="bbox 113 2443 1455 2496; baseline -0.003 -14"><span class='ocrx_word' id='word_1_291' title='bbox 113 2444 250 2496; x_wconf 83' lang='lat' dir='ltr'>globus</span> <span class='ocrx_word' id='word_1_292' title='bbox 268 2449 363 2493; x_wconf 87' lang='lat' dir='ltr'>erat,</span> <span class='ocrx_word' id='word_1_293' title='bbox 383 2444 421 2482; x_wconf 89' lang='lat' dir='ltr'>in</span> <span class='ocrx_word' id='word_1_294' title='bbox 451 2444 674 2483; x_wconf 86' lang='lat' dir='ltr'>seditionem</span> <span class='ocrx_word' id='word_1_295' title='bbox 702 2457 746 2483; x_wconf 87' lang='lat' dir='ltr'>ac</span> <span class='ocrx_word' id='word_1_296' title='bbox 765 2443 992 2483; x_wconf 86' lang='lat' dir='ltr'>discordiam</span> <span class='ocrx_word' id='word_1_297' title='bbox 1008 2445 1118 2483; x_wconf 68' lang='lat' dir='ltr'>versa</span> <span class='ocrx_word' id='word_1_298' title='bbox 1145 2443 1344 2481; x_wconf 90' lang='lat' dir='ltr'>concione:</span> <span class='ocrx_word' id='word_1_299' title='bbox 1373 2443 1455 2479; x_wconf 70' lang='lat' dir='ltr'>cum</span> 
     </span>
    </p>
   </div>
   <div class='ocr_carea' id='block_1_4' title="bbox 114 2502 1452 2607">
    <p class='ocr_par' dir='ltr' id='par_1_5' title="bbox 114 2502 1452 2607">
     <span class='ocr_line' id='line_1_37' title="bbox 114 2502 1452 2560; baseline -0.004 -14"><span class='ocrx_word' id='word_1_300' title='bbox 114 2507 268 2560; x_wconf 86' lang='lat' dir='ltr'>quidam</span> <span class='ocrx_word' id='word_1_301' title='bbox 286 2507 475 2559; x_wconf 87' lang='lat' dir='ltr'>plerisque</span> <span class='ocrx_word' id='word_1_302' title='bbox 496 2507 745 2546; x_wconf 88' lang='lat' dir='ltr'>Macedonum</span> <span class='ocrx_word' id='word_1_303' title='bbox 773 2507 924 2559; x_wconf 83' lang='lat' dir='ltr'>ignotus</span> <span class='ocrx_word' id='word_1_304' title='bbox 943 2519 991 2544; x_wconf 85' lang='lat' dir='ltr'>ex</span> <span class='ocrx_word' id='word_1_305' title='bbox 1018 2506 1147 2544; x_wconf 65' lang='lat' dir='ltr'>infima</span> <span class='ocrx_word' id='word_1_306' title='bbox 1166 2505 1289 2556; x_wconf 88' lang='lat' dir='ltr'>plebe,</span> <span class='ocrx_word' id='word_1_307' title='bbox 1310 2506 1332 2525; x_wconf 87' lang='lat'>“</span> <span class='ocrx_word' id='word_1_308' title='bbox 1351 2502 1452 2549; x_wconf 88' lang='lat' dir='ltr'>Quid</span> 
     </span>
     <span class='ocr_line' id='line_1_38' title="bbox 756 2570 805 2607; baseline 0 0"><span class='ocrx_word' id='word_1_309' title='bbox 756 2570 805 2607; x_wconf 81' lang='lat'>12</span> 
     </span>
    </p>
   </div>
  </div>
 </body>
</html>
