1583 2680
157 155 236 192 212
624 165 810 198 QUINTI
848 164 1035 191 CURTII

158 257 290 296 fodite.
374 257 530 308 Anceps
547 271 668 309 genus
681 258 818 296 auxilii
837 262 908 305 est,
925 262 965 296 et
983 257 1024 296 in
1043 270 1132 296 suos
1147 257 1274 296 aerius
1293 257 1400 295 furit.
1459 258 1507 297 In

157 322 305 359 hostem
325 321 426 359 enim
445 321 616 372 imperio,
637 322 677 359 in
706 335 795 360 suos
814 334 956 372 pavore
985 321 1148 372 agitur.’'
1205 321 1304 360 Haee
1324 321 1508 370 elocutus,

158 385 327 423 concitat
357 398 498 436 equum
526 386 684 436 primus.
754 385 921 437 Jamque
955 385 1016 435 (ut
1053 385 1290 423 destinatum
1320 388 1419 436 erat)
1457 386 1511 423 in-

157 453 309 486 vaserat
346 449 499 487 ordines
537 449 719 498 hostium,
748 452 834 488 eum
873 448 1015 488 Coenus
1046 449 1192 500 ingenti
1221 449 1262 487 vi
1291 449 1331 486 in
1369 449 1511 487 laevum

159 525 277 550 cornu
313 512 518 550 invehitur.
576 512 756 550 Phalanx
785 525 936 564 quoque
967 512 1133 550 mediam
1166 512 1353 550 Indorum
1391 513 1510 550 aciem

158 588 234 613 uno
254 575 400 626 impetu
418 576 603 626 perrupit.
661 577 721 614 At
741 576 867 614 Porus
888 577 966 628 qua
986 576 1155 627 equitem
1175 576 1306 614 invehi
1326 581 1510 623 senserat,

159 638 306 675 belluas
338 639 399 689 agi
426 639 555 688 jussit.
625 639 702 678 Sed
734 639 901 687 tardum,
922 644 962 677 et
991 640 1090 689 pene
1121 639 1318 677 immobile
1356 639 1510 687 animal,
1543 627 1546 632 Ι

160 714 344 751 equorum
374 702 619 739 velocitatem
652 715 806 753 aequare
838 715 914 740 non
944 706 1107 752 poterat.
1181 701 1243 739 Ne
1284 702 1511 752 sagittarum

159 763 317 813 quidem
351 764 455 801 ullus
490 770 574 802 erat
612 765 799 802 Barbarie
831 777 936 801 usus.
998 764 1150 814 Quippe
1185 763 1318 815 longas
1350 770 1389 802 et
1418 778 1511 815 prae·

159 839 305 875 graves,
326 827 402 863 nisi
431 827 542 876 prius
573 827 614 864 in
633 831 740 865 terra
769 832 992 865 statuerunt
1011 838 1154 875 arcum,
1174 826 1279 864 haud
1307 827 1402 865 satis
1422 829 1510 878 apte

160 896 199 926 et
219 890 416 928 commode
432 891 658 940 imponunt:
689 897 774 929 tum
793 891 908 929 humo
922 891 1073 929 lubrica
1094 895 1133 928 et
1147 890 1196 929 ob
1217 890 1258 928 id
1278 890 1512 941 impediente

160 958 351 1001 conatum,
378 954 400 971 ¹⁰
414 954 615 992 molientes
642 955 746 992 ictus
781 955 982 992 celeritate
1013 954 1184 992 hostium
1215 953 1509 1004 occupabantur.

162 1016 268 1068 Ergo
288 1022 418 1067 spreto
440 1017 561 1069 Regis
590 1018 752 1069 imperio
774 1018 892 1070 (quod
911 1018 991 1056 fere
1011 1018 1067 1066 fit,
1088 1018 1156 1056 ubi
1184 1017 1354 1056 turbatis
1388 1017 1512 1055 acrius

160 1086 288 1118 metus
303 1082 418 1132 quam
449 1082 530 1119 dux
558 1082 750 1133 imperare
772 1083 903 1133 coepit)
925 1082 1088 1120 totidem
1119 1086 1229 1120 erant
1260 1081 1511 1131 imperatores

160 1149 256 1194 quot
276 1145 427 1195 agmina
447 1145 640 1184 errabant.
699 1146 817 1184 Alius
848 1147 1013 1196 jungere
1032 1145 1164 1192 aciem,
1186 1144 1285 1182 alius
1316 1143 1508 1193 dividere3

161 1212 264 1245 stare
284 1208 452 1258 quidam,
475 1214 515 1246 et
533 1209 710 1247 nonnulli
729 1209 962 1247 circumvehi
983 1213 1093 1260 terga
1110 1207 1283 1246 hostium
1309 1207 1508 1257 jubebant.

168 1270 192 1288 ¹¹
208 1270 244 1307 N
250 1270 321 1308 ihil
340 1271 380 1308 in
399 1271 570 1309 medium
589 1272 871 1311 consulebatur.
931 1271 1057 1309 Porus
1091 1276 1220 1309 tamen
1249 1283 1336 1309 cum
1365 1271 1511 1322 paucis,

162 1334 301 1384 quibus
319 1339 428 1372 metu
456 1335 588 1385 potior
616 1336 743 1373 fuerat
771 1335 905 1386 pudor,
926 1335 1106 1386 colligere
1139 1335 1344 1386 dispersos,
1374 1335 1512 1373 obvius

161 1397 264 1435 hosti
291 1398 348 1435 ire
367 1399 508 1449 pergit,
531 1399 830 1450 elephantosque
857 1404 945 1437 ante
966 1411 1100 1450 agmen
1121 1411 1279 1437 suorum
1299 1398 1362 1450 agi
1387 1398 1510 1448 jubet.

164 1461 351 1513 Magnum
385 1462 525 1501 belluae
557 1463 724 1512 injecere
755 1468 955 1511 terrorem,
976 1462 1232 1514 insolitusque
1262 1461 1406 1500 stridor
1437 1474 1513 1500 non

163 1538 279 1576 equos
299 1525 424 1574 modo,
445 1530 524 1563 tam
543 1525 727 1576 pavidum
747 1526 798 1563 ad
821 1526 949 1564 omnia
969 1525 1122 1575 animal,
1138 1525 1207 1564 sed
1225 1525 1330 1564 viros
1350 1537 1513 1577 quoque,

163 1589 392 1640 ordinesque
412 1589 647 1628 turbaverat.

244 1655 303 1690 48.
336 1652 365 1690 J
368 1666 429 1690 am
447 1653 552 1705 fugae
571 1653 930 1704 circumspiciebant
948 1653 1075 1691 locum
1093 1652 1209 1703 paulo
1230 1653 1320 1690 ante
1335 1652 1513 1701 victores,

163 1718 248 1753 eum
278 1716 503 1755 Alexander
533 1717 728 1768 Agrianos
756 1722 796 1755 et
827 1717 997 1755 Thracas
1030 1716 1166 1755 leviter
1199 1722 1378 1764 armatos,
1400 1716 1426 1734 ¹²
1439 1729 1512 1753 me-

150 1779 298 1818 'liorem
319 1781 617 1829 concursatione,
644 1782 762 1832 quam
794 1781 964 1818 cominus
997 1780 1173 1827 militem,
1205 1779 1336 1817 emisit
1366 1779 1406 1816 in
1433 1779 1512 1816 bel·

163 1844 256 1882 luas.
331 1845 535 1896 Ingentem
574 1845 603 1883 ii
633 1845 712 1883 vim
745 1844 910 1883 telorum
943 1845 1110 1894 injecere
1148 1848 1187 1881 et
1223 1843 1437 1894 elephantis
1474 1849 1513 1881 et

163 1907 386 1959 regentibus
406 1920 484 1946 eos.
542 1907 721 1946 Phalanx
754 1901 906 1959 quoque
936 1907 1081 1945 instare
1115 1910 1333 1944 constanter
1365 1906 1513 1944 territis

166 1972 290 2022 coepit.
350 1972 428 2011 Sed
455 1971 611 2024 quidam
631 1972 782 2010 avidius
802 1971 995 2023 persecuti
1029 1971 1190 2018 belluas,
1212 1971 1251 2008 in
1280 1975 1401 2008 semet
1433 1970 1513 2008 irri-

166 2038 296 2073 tavere
315 2035 550 2074 vulneribus
611 2035 760 2075 Obtriti
793 2036 882 2086 ergo
916 2035 1078 2086 pedibus
1114 2048 1244 2072 earum
1277 2034 1439 2081 caeteris,
1469 2039 1514 2071 ut

165 2099 320 2148 parcius
353 2099 553 2148 instarent,
574 2100 680 2137 fuere
713 2099 994 2137 documentum.
1054 2098 1255 2149 Praecipue
1287 2098 1312 2116 ¹³
1326 2098 1514 2136 terribilis

166 2162 233 2199 illa
263 2163 378 2200 facies
408 2168 501 2211 erat,
531 2165 621 2201 cum
656 2163 807 2201 ¹‘manu
841 2177 946 2201 arma
978 2163 1157 2214 virosque
1190 2161 1439 2213 corriperent,
1474 2167 1513 2199 et

166 2238 280 2276 super
314 2239 354 2263 se
388 2227 609 2277 regentibus
640 2226 848 2264 traderent.
926 2227 1081 2277 Anceps
1117 2226 1207 2277 ergo
1240 2238 1380 2276 pugna,
1411 2237 1512 2262 nunc

166 2290 406 2341 sequentium
438 2303 537 2328 nunc
569 2290 799 2340 fugientium
829 2290 1065 2341 elephantos,
1086 2290 1124 2327 in
1152 2288 1317 2327 multum
1346 2288 1423 2326 diei
1451 2301 1510 2326 va-

166 2353 264 2390 rium
295 2359 485 2391 certamen
519 2354 696 2402 extraxit,
731 2354 848 2391 donee
879 2354 1077 2391 securibus
1108 2353 1164 2402 (id
1197 2365 1359 2404 namque
1391 2363 1510 2403 genus

167 2417 302 2455 auxilii
322 2423 575 2468 prmpnratuln
597 2421 695 2466 erat)
717 2418 833 2468 pedes
864 2423 1061 2468 amputare
1096 2421 1302 2467 emper-unt.
1360 2415 1383 2433 ¹⁶
1399 2413 1508 2464 Copi-

168 2481 233 2518 :las
253 2487 389 2519 vocant
409 2481 558 2533 gladios
578 2482 713 2519 leviter
745 2488 933 2527 curvatos,
955 2480 1115 2519 falcibus
1144 2479 1299 2519 similes.
1320 2477 1429 2529 queis
1448 2491 1509 2528 np-
