1583 2680
458 161 619 187 LIBER
656 161 775 187 VI11.
818 162 930 187 CAP.
971 161 1089 187 V111.
1370 151 1440 189 195

101 254 241 305 fugam,
278 253 370 293 belli
409 255 509 304 jure,
547 254 820 305 persequimur.
897 254 958 292 Tu
1004 253 1238 292 Macedonas
1283 253 1440 292 voluisti

96 321 222 368 genua
240 317 312 355 tibi
330 330 483 367 ponere,
504 318 756 369 venerarique
786 322 825 356 te
852 322 897 355 ut
925 317 1060 355 Deum.
1120 317 1181 354 Tu
1216 316 1439 367 Philippum

96 386 247 431 patrem
267 381 290 398 ¹⁰
302 381 500 429 aversaris,
523 385 562 419 et
592 381 625 418 si
644 382 730 432 quis
753 381 922 419 Deorum
940 386 1030 419 ante
1060 380 1090 419 J
1093 393 1201 419 ovem
1220 380 1439 427 haberetur,

96 444 292 482 fastidires
311 440 426 481 etiam
447 443 477 482 J
479 457 598 482 ovem.
662 444 818 482 Miraris
843 444 877 482 si
899 444 1014 483 liberi
1032 443 1204 482 homines
1224 444 1440 494 superbiam

96 512 203 544 tuam
222 507 323 544 ferre
342 520 418 545 non
437 508 670 557 possumus?
729 506 834 553 Quid
862 520 1059 558 speramus
1078 520 1126 546 ex
1145 512 1195 555 te,
1215 507 1354 558 quibus
1374 514 1441 545 aut

95 570 310 608 insontibus
340 570 581 608 moriendum
616 575 686 620 est,
716 575 795 619 aut,
817 570 920 622 quod
957 570 1110 608 tristius
1143 575 1266 608 morte
1296 576 1367 619 est,
1400 571 1440 607 in

95 634 286 672 servitute
305 633 542 672 vivendum?
601 634 661 671 Tu
680 634 846 685 quidem,
868 634 901 672 si
920 634 1115 672 emendari
1133 638 1254 685 potes,
1274 634 1440 671 multum

95 698 188 735 mihi
209 698 334 736 debes.
393 697 457 735 Ex
477 711 536 735 mc
557 698 657 735 enim
677 698 774 736 scire
795 697 945 748 coepisti
964 697 1067 749 quod
1087 698 1244 749 ingenui
1263 697 1437 735 homines

95 761 194 799 ferre
227 775 304 799 non
336 767 508 812 possunt.
584 761 642 799 De
680 767 818 800 caetero
859 774 972 812 parce
1005 761 1078 810 his,
1111 774 1274 812 quorum
1308 760 1439 799 orbam

96 830 333 862 senectutem
371 825 571 875 suppliciis
609 838 657 863 ne
696 825 924 863 oneraveris.
984 824 1067 862 Nos
1102 824 1195 874 jube
1230 824 1368 872 ¹¹duci,
1396 828 1441 861 ut

95 888 198 938 quod
234 901 282 926 ex
319 885 389 925 tua
426 894 549 927 morte
587 889 833 939 petieramus,
873 901 1149 940 consequamur
1187 901 1235 926 ex
1271 887 1440 926 nostre&

97 950 196 989 Haec
217 951 462 989 Hermolaus.

177 1014 303 1053 VIII.
334 1018 396 1053 27.
440 1015 498 1053 At
533 1014 632 1062 Rex,
678 1013 842 1059 “Quam
875 1014 972 1052 salsa
1000 1014 1117 1061 sint,”
1150 1013 1285 1065 inquit,
1319 1016 1442 1064 “quae

95 1076 169 1115 iste
206 1077 352 1115 tradita
381 1091 404 1115 a
436 1077 621 1128 magistro
656 1090 724 1115 suo
763 1077 874 1126 dixit,
905 1077 1097 1126 patientia
1133 1089 1219 1114 mea
1256 1075 1439 1114 ostendit.

97 1141 105 1157 ¹
121 1139 346 1179 Confessum
365 1140 467 1178 enim
484 1140 664 1178 ultimum
695 1139 853 1187 facinus,
873 1143 999 1177 tamen
1029 1144 1074 1177 ut
1092 1152 1160 1177 vos
1178 1152 1338 1191 quoquc,
1366 1150 1442 1176 non

96 1203 221 1242 solum
251 1203 342 1254 ipse,
376 1203 574 1251 audiretis,
605 1202 796 1253 expressi3
836 1203 939 1240 ²n0n
971 1202 1203 1253 imprudens,
1241 1205 1325 1239 ciim
1361 1214 1437 1251 per·

96 1266 286 1305 misissem
313 1266 403 1304 huie
434 1266 575 1304 latroni
606 1265 743 1314 dicere,
780 1278 937 1303 usurum
974 1278 1060 1303 eum
1096 1265 1214 1313 rabie,
1241 1268 1318 1316 qua
1347 1277 1435 1302 com·

95 1329 229 1381 pulsus
258 1334 329 1378 est,
358 1334 403 1367 ut
428 1342 500 1377 me,
527 1341 640 1381 quem
670 1327 842 1379 parentis
869 1327 951 1366 loeo
979 1328 1101 1367 colere
1129 1328 1297 1377 deberet,
1326 1328 1441 1366 vellet

97 1393 301 1431 occidere.'’
312 1421 326 1434 .

177 1455 346 1506 “Nuper
375 1461 458 1493 ci‘im
487 1455 688 1506 proeaeids
724 1467 764 1493 se
799 1455 841 1492 in
875 1455 1076 1493 venatione
1111 1454 1301 1507 gessisset,
1337 1466 1440 1492 more

97 1519 231 1569 patrio,
250 1524 290 1556 et
309 1518 356 1557 ab
375 1518 649 1569 antiquissimis
669 1517 908 1556 Macedoniae
927 1518 1098 1569 Regibus
1115 1522 1312 1568 usurpato,
1332 1517 1443 1555 casti-

97 1581 179 1633 gari
212 1594 299 1619 eum
327 1581 436 1631 jussi.
494 1581 580 1618 Hoc
607 1585 646 1618 et
677 1584 828 1630 oportet
854 1580 959 1632 ferri,
980 1585 1020 1618 et
1046 1581 1176 1618 ferunt
1203 1593 1224 1617 a
1252 1579 1444 1618 tutoribus

97 1643 245 1695 pupilli,
265 1657 288 1681 a
314 1643 463 1681 maritis
489 1655 652 1681 uxores:
681 1642 802 1680 servis
832 1655 979 1693 quoque
1005 1654 1142 1692 pueros
1173 1642 1288 1692 hujus
1315 1641 1444 1680 aetatis

98 1707 297 1746 verberare
316 1705 566 1745 concedimus.
623 1706 721 1744 Haec
749 1710 810 1742 est
838 1695 987 1743 saevitia
1006 1705 1046 1741 in
1064 1704 1188 1754 ipsum
1207 1717 1303 1753 mea,
1331 1717 1443 1755 quam

99 1769 215 1820 impia
233 1769 340 1808 caede'
354 1769 477 1808 voluit
496 1768 640 1807 ulcisci.
699 1767 801 1806 Nam
830 1768 871 1805 in
899 1772 1064 1815 eaeteros,
1084 1766 1150 1818 qui
1177 1766 1273 1804 mihi
1291 1766 1443 1817 permit-

99 1837 185 1870 tunt
202 1833 264 1870 uti
281 1832 433 1884 ingenio
452 1844 546 1880 meo,
565 1832 682 1883 quam
708 1830 816 1869 mitis
836 1831 919 1879 sim,
950 1843 1026 1868 non
1055 1829 1255 1881 ignoratis,
1284 1834 1322 1867 et
1349 1842 1443 1867 com-

98 1909 305 1934 memorare
324 1907 599 1946 supervacuum
614 1894 709 1933 est.’'

177 1962 199 1980 “
216 1958 425 1997 Hermolao
437 1957 710 2008 parricidarum
726 1956 910 2007 supplicia
929 1969 1004 1994 non
1022 1955 1187 2005 probari,
1206 1956 1295 1992 cl'lm
1313 1954 1443 1993 eaden:

99 2022 179 2072 ipse
196 2020 390 2069 meruerit,
409 2020 564 2058 minime
590 2018 743 2058 hercule
773 2019 948 2057 admiror.
1006 2017 1106 2055 Nam
1125 2020 1208 2054 esim
1228 2017 1444 2056 Parmenio-

99 2097 184 2121 nem
203 2088 243 2120 et
274 2083 470 2121 Philotam
501 2082 646 2130 laudat,
666 2095 746 2120 suae
774 2080 894 2119 servit
921 2092 1052 2118 causae.
1110 2079 1337 2130 Lyncestem
1354 2082 1444 2119 vero

100 2145 362 2184 Alexandrum
380 2145 440 2183 bis
459 2145 683 2183 insidiatum
711 2143 831 2194 capiti
858 2155 942 2180 meo
973 2156 995 2180 a
1013 2142 1160 2181 duobus
1178 2142 1333 2180 indiciis
1352 2143 1444 2181 libc-

101 2209 194 2247 ravi.
252 2208 406 2246 Rursus
438 2207 665 2254 convictum,
685 2219 752 2257 per
781 2205 976 2245 biennium
1003 2210 1131 2242 tamen
1162 2205 1308 2254 distuli,
1328 2205 1446 2243 donee

102 2285 168 2310 vos
204 2270 451 2321 postularetis
487 2274 533 2307 ut
569 2268 721 2307 tandem
763 2268 894 2307 debito
931 2267 1117 2319 supplicio
1154 2267 1276 2306 scelus
1312 2268 1444 2307 lueret.

102 2334 291 2381 Attalum,
307 2334 508 2383 antequam
538 2332 626 2370 Rex
646 2344 779 2380 essem,
806 2331 954 2369 hostem
986 2344 1070 2369 meo
1090 2331 1206 2382 capiti
1235 2331 1353 2369 fuisse
1372 2344 1446 2367 me-

102 2397 278 2434 ministis.
337 2395 465 2434 Clitus
497 2395 644 2432 utinam
675 2407 750 2432 non
782 2394 968 2446 coegisset
986 2407 1045 2431 me
1075 2394 1149 2432 sibi
1176 2393 1309 2431 irasci:
1339 2394 1448 2442 eujus

105 2459 342 2498 temerariam
361 2459 530 2510 linguam
547 2457 684 2508 probra
703 2457 862 2495 dicentis
880 2457 972 2495 mihi
991 2463 1030 2495 et
1058 2457 1178 2505 vobis,
1198 2456 1345 2494 diutinis
1364 2455 1446 2502 tuli,
