1583 2680
145 150 221 187 240
611 162 802 192 QUINTI
840 163 1027 188 enimn

143 255 206 305 gia
237 254 504 306 applicabant;
536 255 588 303 hi,
610 255 702 294 dum
732 256 985 305 considerent,
1006 268 1131 294 remos
1163 256 1286 307 aptari
1317 256 1491 308 prohibe·

144 319 245 356 bant.
305 318 473 364 Quidam
505 319 707 371 enavigare
737 325 998 370 properanteS‚
1021 320 1088 358 sed
1107 333 1183 358 non
1213 321 1239 338 ¹³
1258 320 1492 371 exspectatis

143 383 209 433 qui
229 374 343 419 simul
364 395 446 420 esse
467 382 670 431 debebant,
691 383 714 401 ¹⁴
728 383 864 421 clauda
884 388 923 421 et
942 383 1127 422 inhabilia
1139 384 1292 435 navigia
1310 383 1491 435 languide

144 446 410 483 moliebantur.
468 446 573 484 Aliae
592 446 747 484 navium
766 446 982 484 inconsulte
1012 451 1170 485 ruentes
1191 460 1321 485 omnes
1344 460 1491 500 recepe-

143 514 252 558 rant3
283 509 503 560 pariterque
538 514 576 547 et
609 510 821 547 mult-itudo
850 515 889 548 et
920 511 1094 560 paucitas
1114 511 1341 548 festinantes
1374 501 1491 547 mora-

143 572 266 610 batur.
328 572 483 611 Clamor
513 572 601 610 hinc
633 578 868 623 exspectare,
900 573 989 610 hinc
1025 573 1081 610 ire
1112 574 1344 623 jubentium,
1375 574 1491 611 disso-

143 649 278 687 naeque
305 649 416 674 voces
448 649 636 687 nusquam
670 637 772 674 idem
798 650 842 674 ac
873 649 996 674 unum
1027 637 1282 686 tendentium,
1301 650 1378 675 non
1409 649 1492 674 ocu-

143 699 265 737 lorum
298 700 412 738 modo
444 713 569 747 usum,
600 699 668 737 sed
701 699 818 737 etiam
852 699 1001 737 aurium
1034 699 1284 737 abstulerant.
1359 699 1421 737 Ne
1454 699 1494 736 in

141 763 463 813 gubernatoribus
496 762 651 812 quidem
683 761 894 813 quidquam
927 761 1010 812 opis
1046 767 1140 810 erat,
1161 775 1323 813 quorum
1340 775 1410 800 nec
1430 775 1494 800 ex-

143 825 268 862 audiri
287 838 364 863 vox
396 839 418 862 a
451 824 778 863 tumultuantibus
797 829 960 875 poterat,
980 838 1050 863 nec
1078 825 1283 876 imperium
1303 839 1325 863 a
1345 826 1494 865 territis

143 889 483 940 incompositisque
504 888 660 927 servari.
719 888 825 940 Ergo
846 888 978 926 collidi
997 889 1101 926 inter
1122 901 1162 927 se
1178 902 1294 927 naves
1316 889 1339 907 ¹⁵
1352 889 1494 928 abster-

141 953 298 1003 gerique
329 951 493 989 invicem
522 951 630 1000 remi,
652 956 692 989 et
725 951 793 988 alii
827 951 990 989 aliorum
1022 952 1178 1003 navigia
1207 965 1347 1002 urgere
1376 965 1493 1003 coepe-

142 1020 241 1053 runt.
301 1014 488 1053 Crederes
507 1027 583 1053 non
602 1015 716 1052 unius
732 1015 928 1053 exercitiis
948 1015 1109 1053 classem
1129 1015 1229 1063 vehi,
1244 1015 1312 1053 sed
1332 1015 1494 1053 duorum

142 1079 277 1118 navale
310 1079 430 1116 inisse
465 1084 667 1116 certamen.
726 1078 1023 1117 Incutiebantur
1042 1078 1236 1129 puppibus
1255 1091 1391 1129 prorae,
1412 1092 1495 1129 prc-

142 1143 345 1181 mebantur
366 1156 388 1180 a
407 1142 665 1193 sequentibus,
685 1142 752 1194 qui
781 1142 1052 1180 antecedentes
1084 1142 1344 1180 turbaverant.
1404 1142 1432 1180 J
1437 1155 1495 1179 ur-

145 1206 319 1257 gantium
340 1206 399 1243 ira
420 1206 444 1224 ¹⁶
456 1206 705 1256 perveniebat
725 1208 842 1243 etiam
862 1205 910 1243 ad
930 1219 1076 1243 manus.

226 1271 286 1308 31.
318 1269 484 1319 Jamque
501 1273 620 1307 aestus
649 1273 751 1306 totos
771 1268 872 1306 circa
902 1268 1041 1306 flumen
1060 1280 1211 1319 campos
1229 1267 1494 1316 inundaverat,

142 1333 301 1371 tumulis
334 1332 524 1382 duntaxat
557 1331 826 1380 eminentibus,
846 1331 966 1370 veluti
997 1331 1131 1369 insulis
1162 1332 1302 1382 parvis,
1334 1332 1374 1369 in
1401 1345 1495 1383 quos

142 1397 314 1448 plerique
345 1395 487 1447 trepidi
520 1395 670 1434 omissis
701 1395 867 1446 navigiis
900 1407 1012 1433 enare
1050 1400 1255 1445 coeperunt.
1311 1394 1497 1446 Dispersa

142 1461 275 1498 classis
293 1461 437 1511 partlm
456 1459 498 1496 in
527 1459 688 1510 praealta
709 1461 807 1510 aquai
827 1458 965 1507 stabat,
985 1461 1062 1509 qua
1082 1458 1332 1496 subsederant
1350 1458 1494 1508 valles3

141 1525 280 1574 partim
312 1523 353 1560 in
371 1522 468 1561 vado
501 1522 684 1571 haerebat,
712 1526 914 1573 utcumque
946 1521 1132 1573 inaequale
1151 1526 1266 1560 terrae
1299 1522 1497 1574 fastigium

141 1591 416 1638 occupaverant
433 1586 557 1635 undae,
586 1587 677 1624 cum
697 1585 824 1624 subito
855 1598 976 1624 novus
996 1590 1035 1623 et
1053 1585 1215 1636 pristino
1233 1586 1358 1636 major
1374 1590 1498 1625 terror

141 1651 336 1689 incutitur.
408 1650 660 1701 Reciprocare
692 1649 807 1700 coepit
838 1662 954 1698 mare,
987 1662 1125 1702 magno
1157 1653 1288 1687 tractu
1321 1650 1430 1700 aquis
1458 1649 1498 1687 in

141 1728 253 1753 suum
289 1715 431 1752 fretum
468 1713 770 1762 recurrentibus,
813 1712 1072 1764 reddebatque
1104 1717 1230 1751 terras
1258 1712 1373 1763 paulo
1407 1714 1495 1750 ante

141 1777 330 1829 profundo
350 1777 427 1816 salo
446 1789 599 1815 mersas
657 1776 783 1828 Igitur
815 1776 1002 1814 destituta
1028 1775 1193 1828 navigia,
1223 1775 1299 1813 alia
1325 1775 1497 1826 praeeipi-

142 1847 272 1879 tantur
309 1841 349 1878 in
384 1853 528 1892 proras,
564 1839 642 1877 alia
671 1840 715 1877 in
746 1839 867 1877 latera
897 1839 1163 1889 procumbunt.
1231 1838 1356 1877 Strati
1389 1843 1498 1876 erant

141 1906 263 1956 campi
283 1905 454 1953 sarcinis,
475 1903 603 1952 armis,
624 1902 843 1941 avulsarum
870 1902 1089 1940 tabularum
1107 1914 1370 1952 remorumque
1397 1902 1497 1953 frag·

141 1971 288 2007 mentis.
346 1968 463 2007 Miles
494 1980 563 2005 nee
582 1966 712 2018 egredi
743 1966 785 2003 in
813 1970 968 2013 terram,
988 1977 1056 2002 nec
1085 1965 1125 2002 in
1151 1977 1268 2003 naves
1288 1965 1497 2004 subsistere

142 2032 318 2080 audebat,
363 2031 572 2070 identidem
616 2029 871 2081 praesentibus
906 2028 1085 2080 graviora.
1129 2041 1214 2079 quae
1252 2033 1499 2079 sequerentur

143 2100 377 2145 exspectans.
436 2095 518 2133 Vix
537 2107 621 2146 quae
639 2092 963 2144 perpetiebantur,
983 2091 1114 2130 videre
1144 2092 1248 2142 ipsos
1267 2091 1495 2141 credebant,

142 2160 181 2197 in
202 2159 299 2197 sicco
319 2158 530 2209 naufragia,
550 2158 590 2195 in
611 2157 711 2194 amni
731 2169 834 2194 mare
851 2169 859 2194 :
891 2168 958 2193 nec
977 2155 1062 2193 finis
1081 2155 1291 2206 malorum;
1325 2156 1347 2174 ¹⁷
1360 2155 1497 2207 quippe

143 2227 275 2261 aestum
308 2222 528 2273 paulopost
559 2234 663 2258 marc
694 2219 915 2267 relaturum,
947 2233 1022 2271 quo
1042 2219 1197 2271 navigia
1228 2219 1498 2267 allevarentur,

143 2286 280 2339 ignari,
302 2288 438 2323 famem
461 2290 499 2322 ct
518 2285 653 2321 ultima
673 2283 827 2321 sibimet
847 2283 1122 2321 ominabantur.
1181 2282 1330 2321 Bellum
1349 2295 1497 2334 quoque

144 2350 324 2389 fiuctibus
345 2350 553 2397 destitutae,
576 2347 767 2386 terribiles
787 2347 1032 2399 vagabantur.
1091 2347 1258 2397 Jamque
1286 2359 1362 2384 nox
1389 2358 1497 2395 appe-

143 2414 262 2462 tebat,
283 2418 322 2451 ct
351 2413 494 2465 Regem
513 2415 665 2463 queque
699 2411 914 2461 desperatio
948 2410 1085 2449 salutis
1114 2410 1343 2462 :egritudine
1370 2409 1498 2447 affece-

145 2483 215 2516 rat.
275 2476 362 2515 Non
397 2481 523 2514 tamen
558 2475 739 2513 invictum
772 2475 940 2512 animum
972 2488 1073 2513 curm
1093 2474 1269 2522 obruunt,
1297 2471 1390 2524 quin
1416 2473 1500 2510 tota
