<?xml version="1.0" encoding="UTF-8"?>
<!DOCTYPE html PUBLIC "-//W3C//DTD XHTML 1.0 Transitional//EN"
    "http://www.w3.org/TR/xhtml1/DTD/xhtml1-transitional.dtd">
<html xmlns="http://www.w3.org/1999/xhtml" xml:lang="en" lang="en">
 <head>
  <title>
</title>
<meta http-equiv="Content-Type" content="text/html;charset=utf-8" />
  <meta name='ocr-system' content='tesseract 3.04.00' />
  <meta name='ocr-capabilities' content='ocr_page ocr_carea ocr_par ocr_line ocrx_word'/>
</head>
<body>
  <div class='ocr_page' id='page_1' title='image "./lifeexploitsofal00curtuoft/lifeexploitsofal00curtuoft_0105.png"; bbox 0 0 1583 2680; ppageno 0'>
   <div class='ocr_carea' id='block_1_1' title="bbox 470 131 1396 168">
    <p class='ocr_par' dir='ltr' id='par_1_1' title="bbox 470 131 1396 168">
     <span class='ocr_line' id='line_1_1' title="bbox 470 131 1396 168; baseline 0.001 -1"><span class='ocrx_word' id='word_1_1' title='bbox 470 141 631 168; x_wconf 71' lang='lat' dir='ltr'>mnan</span> <span class='ocrx_word' id='word_1_2' title='bbox 672 141 715 167; x_wconf 86' lang='grc' dir='ltr'>ν.</span> <span class='ocrx_word' id='word_1_3' title='bbox 761 142 870 168; x_wconf 64' lang='lat' dir='ltr'>car.</span> <span class='ocrx_word' id='word_1_4' title='bbox 914 141 982 167; x_wconf 91' lang='lat' dir='ltr'>v1.</span> <span class='ocrx_word' id='word_1_5' title='bbox 1346 131 1396 168; x_wconf 83' lang='lat'>95</span> 
     </span>
    </p>
   </div>
   <div class='ocr_carea' id='block_1_2' title="bbox 50 233 1398 2489">
    <p class='ocr_par' dir='ltr' id='par_1_2' title="bbox 50 233 1396 1228">
     <span class='ocr_line' id='line_1_2' title="bbox 61 233 1383 286; baseline 0 -15"><span class='ocrx_word' id='word_1_6' title='bbox 61 233 67 240; x_wconf 91' lang='lat'>&#39;</span> <span class='ocrx_word' id='word_1_7' title='bbox 99 233 374 286; x_wconf 82' lang='lat' dir='ltr'>relinquerent,</span> <span class='ocrx_word' id='word_1_8' title='bbox 395 233 535 285; x_wconf 89' lang='lat' dir='ltr'>quibus</span> <span class='ocrx_word' id='word_1_9' title='bbox 549 234 606 272; x_wconf 93' lang='lat' dir='ltr'>nil</span> <span class='ocrx_word' id='word_1_10' title='bbox 624 233 752 285; x_wconf 70' lang='lat' dir='ltr'>patria</span> <span class='ocrx_word' id='word_1_11' title='bbox 771 233 896 272; x_wconf 89' lang='lat' dir='ltr'>carius</span> <span class='ocrx_word' id='word_1_12' title='bbox 916 233 1012 271; x_wconf 89' lang='lat' dir='ltr'>est.’&#39;</span> <span class='ocrx_word' id='word_1_13' title='bbox 1042 233 1164 271; x_wconf 81' lang='lat' dir='ltr'>Pauci</span> <span class='ocrx_word' id='word_1_14' title='bbox 1183 233 1297 284; x_wconf 86' lang='lat' dir='ltr'>hujus</span> <span class='ocrx_word' id='word_1_15' title='bbox 1318 247 1383 271; x_wconf 90' lang='lat' dir='ltr'>scn</span> 
     </span>
     <span class='ocr_line' id='line_1_3' title="bbox 55 297 1384 347; baseline 0 -13"><span class='ocrx_word' id='word_1_16' title='bbox 55 297 190 336; x_wconf 83' lang='lat' dir='ltr'>tentiae</span> <span class='ocrx_word' id='word_1_17' title='bbox 221 297 343 335; x_wconf 71' lang='lat' dir='ltr'>fuere.</span> <span class='ocrx_word' id='word_1_18' title='bbox 403 297 574 336; x_wconf 87' lang='lat' dir='ltr'>Caetcros</span> <span class='ocrx_word' id='word_1_19' title='bbox 601 298 626 315; x_wconf 77' lang='lat'>²⁰</span> <span class='ocrx_word' id='word_1_20' title='bbox 641 297 889 345; x_wconf 81' lang='lat' dir='ltr'>consuetudo,</span> <span class='ocrx_word' id='word_1_21' title='bbox 908 299 1048 334; x_wconf 69' lang='lat' dir='ltr'>natura</span> <span class='ocrx_word' id='word_1_22' title='bbox 1067 297 1271 347; x_wconf 87' lang='lat' dir='ltr'>potentior,</span> <span class='ocrx_word' id='word_1_23' title='bbox 1291 297 1384 334; x_wconf 72' lang='lat' dir='ltr'>vicit</span> 
     </span>
     <span class='ocr_line' id='line_1_4' title="bbox 57 359 1394 411; baseline 0 -14"><span class='ocrx_word' id='word_1_24' title='bbox 57 359 343 398; x_wconf 79' lang='lat' dir='ltr'>Consenserunt</span> <span class='ocrx_word' id='word_1_25' title='bbox 374 360 583 411; x_wconf 88' lang='lat' dir='ltr'>petendum</span> <span class='ocrx_word' id='word_1_26' title='bbox 615 373 697 398; x_wconf 85' lang='lat' dir='ltr'>esse</span> <span class='ocrx_word' id='word_1_27' title='bbox 718 373 740 398; x_wconf 85' lang='lat' dir='ltr'>a</span> <span class='ocrx_word' id='word_1_28' title='bbox 759 359 878 410; x_wconf 87' lang='lat' dir='ltr'>Rege,</span> <span class='ocrx_word' id='word_1_29' title='bbox 899 364 944 397; x_wconf 93' lang='lat' dir='ltr'>ut</span> <span class='ocrx_word' id='word_1_30' title='bbox 971 359 1136 410; x_wconf 84' lang='lat' dir='ltr'>aliquam</span> <span class='ocrx_word' id='word_1_31' title='bbox 1164 360 1257 410; x_wconf 90' lang='lat' dir='ltr'>ipsis</span> <span class='ocrx_word' id='word_1_32' title='bbox 1292 360 1394 397; x_wconf 87' lang='lat' dir='ltr'>attri-</span> 
     </span>
     <span class='ocr_line' id='line_1_5' title="bbox 54 422 1396 473; baseline 0 -13"><span class='ocrx_word' id='word_1_33' title='bbox 54 422 191 460; x_wconf 86' lang='lat' dir='ltr'>bueret</span> <span class='ocrx_word' id='word_1_34' title='bbox 220 423 360 461; x_wconf 86' lang='lat' dir='ltr'>sedem.</span> <span class='ocrx_word' id='word_1_35' title='bbox 391 431 395 435; x_wconf 83' lang='grc'><strong>”</strong></span> <span class='ocrx_word' id='word_1_36' title='bbox 421 423 586 462; x_wconf 86' lang='lat' dir='ltr'>Centum</span> <span class='ocrx_word' id='word_1_37' title='bbox 617 423 666 460; x_wconf 85' lang='lat' dir='ltr'>ad</span> <span class='ocrx_word' id='word_1_38' title='bbox 696 423 767 461; x_wconf 90' lang='lat' dir='ltr'>hoc</span> <span class='ocrx_word' id='word_1_39' title='bbox 795 423 885 460; x_wconf 89' lang='lat' dir='ltr'>lecti</span> <span class='ocrx_word' id='word_1_40' title='bbox 912 427 1026 471; x_wconf 86' lang='lat' dir='ltr'>sunt;</span> <span class='ocrx_word' id='word_1_41' title='bbox 1057 435 1152 473; x_wconf 89' lang='lat' dir='ltr'>quos</span> <span class='ocrx_word' id='word_1_42' title='bbox 1173 423 1396 460; x_wconf 79' lang='lat' dir='ltr'>Alexander</span> 
     </span>
     <span class='ocr_line' id='line_1_6' title="bbox 54 485 1395 537; baseline 0 -15"><span class='ocrx_word' id='word_1_43' title='bbox 54 489 174 533; x_wconf 90' lang='lat' dir='ltr'>ratus,</span> <span class='ocrx_word' id='word_1_44' title='bbox 194 485 297 537; x_wconf 89' lang='lat' dir='ltr'>quod</span> <span class='ocrx_word' id='word_1_45' title='bbox 330 485 412 536; x_wconf 91' lang='lat' dir='ltr'>ipse</span> <span class='ocrx_word' id='word_1_46' title='bbox 446 491 628 536; x_wconf 87' lang='lat' dir='ltr'>praestare</span> <span class='ocrx_word' id='word_1_47' title='bbox 657 485 861 537; x_wconf 78' lang='lat' dir='ltr'>cogitabat,</span> <span class='ocrx_word' id='word_1_48' title='bbox 889 485 1104 536; x_wconf 86' lang='lat' dir='ltr'>petituros:</span> <span class='ocrx_word' id='word_1_49' title='bbox 1134 486 1153 505; x_wconf 72' lang='lat'>‘⁴</span> <span class='ocrx_word' id='word_1_50' title='bbox 1171 485 1200 523; x_wconf 84' lang='lat' dir='ltr'><strong>J</strong></span> <span class='ocrx_word' id='word_1_51' title='bbox 1204 486 1395 533; x_wconf 68' lang='lat' dir='ltr'>umenta,’&#39;</span> 
     </span>
     <span class='ocr_line' id='line_1_7' title="bbox 53 547 1395 600; baseline -0.001 -14"><span class='ocrx_word' id='word_1_52' title='bbox 53 548 189 599; x_wconf 78' lang='lat' dir='ltr'>inquit,</span> <span class='ocrx_word' id='word_1_53' title='bbox 224 551 246 569; x_wconf 90' lang='lat'><strong>“</strong></span> <span class='ocrx_word' id='word_1_54' title='bbox 262 549 460 600; x_wconf 87' lang='lat' dir='ltr'>assignari,</span> <span class='ocrx_word' id='word_1_55' title='bbox 494 562 581 600; x_wconf 80' lang='lat' dir='ltr'>quae</span> <span class='ocrx_word' id='word_1_56' title='bbox 613 561 681 586; x_wconf 72' lang='lat' dir='ltr'>vos</span> <span class='ocrx_word' id='word_1_57' title='bbox 714 548 907 596; x_wconf 82' lang='lat' dir='ltr'>veherent,</span> <span class='ocrx_word' id='word_1_58' title='bbox 945 553 984 586; x_wconf 86' lang='lat' dir='ltr'>et</span> <span class='ocrx_word' id='word_1_59' title='bbox 1020 547 1184 600; x_wconf 85' lang='lat' dir='ltr'>singulis</span> <span class='ocrx_word' id='word_1_60' title='bbox 1219 551 1395 586; x_wconf 72' lang='lat' dir='ltr'>vestrum</span> 
     </span>
     <span class='ocr_line' id='line_1_8' title="bbox 53 610 1394 660; baseline 0 -13"><span class='ocrx_word' id='word_1_61' title='bbox 53 611 159 648; x_wconf 90' lang='lat' dir='ltr'>mille</span> <span class='ocrx_word' id='word_1_62' title='bbox 196 610 399 649; x_wconf 74' lang='lat' dir='ltr'>denarium</span> <span class='ocrx_word' id='word_1_63' title='bbox 437 611 521 648; x_wconf 89' lang='lat' dir='ltr'>dari</span> <span class='ocrx_word' id='word_1_64' title='bbox 554 611 663 660; x_wconf 90' lang='lat' dir='ltr'>jussi.</span> <span class='ocrx_word' id='word_1_65' title='bbox 742 610 842 650; x_wconf 74' lang='lat' dir='ltr'>Cum</span> <span class='ocrx_word' id='word_1_66' title='bbox 878 610 1073 648; x_wconf 86' lang='lat' dir='ltr'>redieritis</span> <span class='ocrx_word' id='word_1_67' title='bbox 1111 611 1152 648; x_wconf 89' lang='lat' dir='ltr'>in</span> <span class='ocrx_word' id='word_1_68' title='bbox 1192 610 1394 658; x_wconf 87' lang='lat' dir='ltr'>Graeciam‚</span> 
     </span>
     <span class='ocr_line' id='line_1_9' title="bbox 52 673 1393 725; baseline 0 -14"><span class='ocrx_word' id='word_1_69' title='bbox 52 674 300 724; x_wconf 81' lang='lat' dir='ltr'>²¹praestabo,</span> <span class='ocrx_word' id='word_1_70' title='bbox 318 687 366 712; x_wconf 92' lang='lat' dir='ltr'>ne</span> <span class='ocrx_word' id='word_1_71' title='bbox 399 674 486 725; x_wconf 88' lang='lat' dir='ltr'>quis</span> <span class='ocrx_word' id='word_1_72' title='bbox 519 680 662 712; x_wconf 88' lang='lat' dir='ltr'>statum</span> <span class='ocrx_word' id='word_1_73' title='bbox 692 687 815 722; x_wconf 85' lang='lat' dir='ltr'>suum,</span> <span class='ocrx_word' id='word_1_74' title='bbox 835 674 863 692; x_wconf 77' lang='lat'>²²</span> <span class='ocrx_word' id='word_1_75' title='bbox 880 674 913 712; x_wconf 85' lang='lat' dir='ltr'>si</span> <span class='ocrx_word' id='word_1_76' title='bbox 940 674 1022 712; x_wconf 85' lang='lat' dir='ltr'>haec</span> <span class='ocrx_word' id='word_1_77' title='bbox 1050 673 1251 712; x_wconf 86' lang='lat' dir='ltr'>calamitas</span> <span class='ocrx_word' id='word_1_78' title='bbox 1281 674 1393 721; x_wconf 86' lang='lat' dir='ltr'>absit,</span> 
     </span>
     <span class='ocr_line' id='line_1_10' title="bbox 51 737 1394 787; baseline 0 -13"><span class='ocrx_word' id='word_1_79' title='bbox 51 742 181 775; x_wconf 80' lang='lat' dir='ltr'>vestro</span> <span class='ocrx_word' id='word_1_80' title='bbox 201 737 335 775; x_wconf 87' lang='lat' dir='ltr'>credat</span> <span class='ocrx_word' id='word_1_81' title='bbox 365 750 447 775; x_wconf 90' lang='lat' dir='ltr'>esse</span> <span class='ocrx_word' id='word_1_82' title='bbox 479 737 713 775; x_wconf 87' lang='lat' dir='ltr'>meliorem.&#39;’</span> <span class='ocrx_word' id='word_1_83' title='bbox 768 737 848 785; x_wconf 88' lang='lat' dir='ltr'>Illi,</span> <span class='ocrx_word' id='word_1_84' title='bbox 868 737 1013 775; x_wconf 89' lang='lat' dir='ltr'>obortis</span> <span class='ocrx_word' id='word_1_85' title='bbox 1041 737 1232 787; x_wconf 81' lang='lat' dir='ltr'>lacrymis,</span> <span class='ocrx_word' id='word_1_86' title='bbox 1253 741 1394 774; x_wconf 84' lang='lat' dir='ltr'>terram</span> 
     </span>
     <span class='ocr_line' id='line_1_11' title="bbox 52 793 1392 851; baseline 0 -15"><span class='ocrx_word' id='word_1_87' title='bbox 52 799 312 848; x_wconf 86' lang='lat' dir='ltr'>intuebantur,</span> <span class='ocrx_word' id='word_1_88' title='bbox 350 813 420 837; x_wconf 90' lang='lat' dir='ltr'>nec</span> <span class='ocrx_word' id='word_1_89' title='bbox 467 805 534 837; x_wconf 90' lang='lat' dir='ltr'>aut</span> <span class='ocrx_word' id='word_1_90' title='bbox 579 800 725 851; x_wconf 84' lang='lat' dir='ltr'>erigere</span> <span class='ocrx_word' id='word_1_91' title='bbox 762 799 907 848; x_wconf 82' lang='lat' dir='ltr'>vultus,</span> <span class='ocrx_word' id='word_1_92' title='bbox 945 805 1012 837; x_wconf 84' lang='lat' dir='ltr'>aut</span> <span class='ocrx_word' id='word_1_93' title='bbox 1046 799 1153 850; x_wconf 90' lang='lat' dir='ltr'>loqui</span> <span class='ocrx_word' id='word_1_94' title='bbox 1190 793 1392 837; x_wconf 84' lang='lat' dir='ltr'>audebant.</span> 
     </span>
     <span class='ocr_line' id='line_1_12' title="bbox 53 861 1395 913; baseline 0 -15"><span class='ocrx_word' id='word_1_95' title='bbox 53 861 225 900; x_wconf 83' lang='lat' dir='ltr'>Tandem</span> <span class='ocrx_word' id='word_1_96' title='bbox 258 862 366 912; x_wconf 83' lang='lat' dir='ltr'>Rege</span> <span class='ocrx_word' id='word_1_97' title='bbox 398 862 571 900; x_wconf 71' lang='lat' dir='ltr'>tristitia&gt;</span> <span class='ocrx_word' id='word_1_98' title='bbox 600 875 751 900; x_wconf 79' lang='lat' dir='ltr'>eausam</span> <span class='ocrx_word' id='word_1_99' title='bbox 781 862 969 913; x_wconf 82' lang='lat' dir='ltr'>exigente,</span> <span class='ocrx_word' id='word_1_100' title='bbox 1001 861 1225 912; x_wconf 86' lang='lat' dir='ltr'>Euthymon</span> <span class='ocrx_word' id='word_1_101' title='bbox 1255 862 1395 899; x_wconf 84' lang='lat' dir='ltr'>similia</span> 
     </span>
     <span class='ocr_line' id='line_1_13' title="bbox 50 925 1393 976; baseline 0 -14"><span class='ocrx_word' id='word_1_102' title='bbox 50 925 111 973; x_wconf 87' lang='lat' dir='ltr'>iis,</span> <span class='ocrx_word' id='word_1_103' title='bbox 130 938 217 976; x_wconf 85' lang='lat' dir='ltr'>quae</span> <span class='ocrx_word' id='word_1_104' title='bbox 249 925 290 962; x_wconf 93' lang='lat' dir='ltr'>iu</span> <span class='ocrx_word' id='word_1_105' title='bbox 319 925 476 963; x_wconf 84' lang='lat' dir='ltr'>consilio</span> <span class='ocrx_word' id='word_1_106' title='bbox 497 925 657 972; x_wconf 79' lang='lat' dir='ltr'>dixerat,</span> <span class='ocrx_word' id='word_1_107' title='bbox 686 925 897 975; x_wconf 85' lang='lat' dir='ltr'>respondit.</span> <span class='ocrx_word' id='word_1_108' title='bbox 955 926 1088 976; x_wconf 88' lang='lat' dir='ltr'>Atque</span> <span class='ocrx_word' id='word_1_109' title='bbox 1118 925 1196 972; x_wconf 90' lang='lat' dir='ltr'>illc,</span> <span class='ocrx_word' id='word_1_110' title='bbox 1226 938 1300 962; x_wconf 92' lang='lat' dir='ltr'>non</span> <span class='ocrx_word' id='word_1_111' title='bbox 1320 925 1393 962; x_wconf 87' lang='lat' dir='ltr'>for-</span> 
     </span>
     <span class='ocr_line' id='line_1_14' title="bbox 52 987 1395 1038; baseline 0 -13"><span class='ocrx_word' id='word_1_112' title='bbox 52 993 157 1025; x_wconf 84' lang='lat' dir='ltr'>tunae</span> <span class='ocrx_word' id='word_1_113' title='bbox 177 987 303 1025; x_wconf 69' lang='lat' dir='ltr'>solum</span> <span class='ocrx_word' id='word_1_114' title='bbox 336 1000 476 1035; x_wconf 90' lang='lat' dir='ltr'>eorum,</span> <span class='ocrx_word' id='word_1_115' title='bbox 505 988 573 1025; x_wconf 87' lang='lat' dir='ltr'>sed</span> <span class='ocrx_word' id='word_1_116' title='bbox 606 988 722 1025; x_wconf 86' lang='lat' dir='ltr'>etiam</span> <span class='ocrx_word' id='word_1_117' title='bbox 749 988 778 1006; x_wconf 79' lang='lat'>²³</span> <span class='ocrx_word' id='word_1_118' title='bbox 793 988 1029 1038; x_wconf 80' lang='lat' dir='ltr'>poenitentiae</span> <span class='ocrx_word' id='word_1_119' title='bbox 1062 987 1252 1036; x_wconf 88' lang='lat' dir='ltr'>misertus,</span> <span class='ocrx_word' id='word_1_120' title='bbox 1286 992 1395 1025; x_wconf 85' lang='lat' dir='ltr'>terna</span> 
     </span>
     <span class='ocr_line' id='line_1_15' title="bbox 50 1050 1393 1100; baseline 0.001 -12"><span class='ocrx_word' id='word_1_121' title='bbox 50 1050 173 1088; x_wconf 80' lang='lat' dir='ltr'>millia</span> <span class='ocrx_word' id='word_1_122' title='bbox 205 1050 407 1088; x_wconf 68' lang='lat' dir='ltr'>denarium</span> <span class='ocrx_word' id='word_1_123' title='bbox 438 1050 598 1100; x_wconf 89' lang='lat' dir='ltr'>singulis</span> <span class='ocrx_word' id='word_1_124' title='bbox 628 1051 710 1087; x_wconf 87' lang='lat' dir='ltr'>dari</span> <span class='ocrx_word' id='word_1_125' title='bbox 740 1051 869 1100; x_wconf 90' lang='lat' dir='ltr'>jussit.</span> <span class='ocrx_word' id='word_1_126' title='bbox 927 1050 1048 1088; x_wconf 84' lang='lat' dir='ltr'>Denae</span> <span class='ocrx_word' id='word_1_127' title='bbox 1074 1055 1201 1089; x_wconf 77' lang='lat' dir='ltr'>vestes</span> <span class='ocrx_word' id='word_1_128' title='bbox 1231 1051 1393 1100; x_wconf 77' lang='lat' dir='ltr'>adjectae</span> 
     </span>
     <span class='ocr_line' id='line_1_16' title="bbox 51 1113 1394 1163; baseline 0 -13"><span class='ocrx_word' id='word_1_129' title='bbox 51 1118 152 1162; x_wconf 87' lang='lat' dir='ltr'>sunt,</span> <span class='ocrx_word' id='word_1_130' title='bbox 187 1118 227 1151; x_wconf 87' lang='lat' dir='ltr'>et</span> <span class='ocrx_word' id='word_1_131' title='bbox 256 1119 428 1151; x_wconf 87' lang='lat' dir='ltr'>armenta</span> <span class='ocrx_word' id='word_1_132' title='bbox 459 1126 546 1151; x_wconf 94' lang='lat' dir='ltr'>cum</span> <span class='ocrx_word' id='word_1_133' title='bbox 578 1113 781 1163; x_wconf 85' lang='lat' dir='ltr'>pecoribus</span> <span class='ocrx_word' id='word_1_134' title='bbox 815 1126 858 1150; x_wconf 91' lang='lat' dir='ltr'>ac</span> <span class='ocrx_word' id='word_1_135' title='bbox 889 1113 1080 1151; x_wconf 88' lang='lat' dir='ltr'>frumento</span> <span class='ocrx_word' id='word_1_136' title='bbox 1118 1113 1220 1161; x_wconf 86' lang='lat' dir='ltr'>data,</span> <span class='ocrx_word' id='word_1_137' title='bbox 1248 1118 1293 1150; x_wconf 93' lang='lat' dir='ltr'>ut</span> <span class='ocrx_word' id='word_1_138' title='bbox 1321 1113 1394 1151; x_wconf 91' lang='lat' dir='ltr'>coli</span> 
     </span>
     <span class='ocr_line' id='line_1_17' title="bbox 51 1176 773 1228; baseline -0.001 -14"><span class='ocrx_word' id='word_1_139' title='bbox 51 1176 204 1228; x_wconf 87' lang='lat' dir='ltr'>serique</span> <span class='ocrx_word' id='word_1_140' title='bbox 224 1176 436 1214; x_wconf 87' lang='lat' dir='ltr'>attributus</span> <span class='ocrx_word' id='word_1_141' title='bbox 455 1176 504 1214; x_wconf 85' lang='lat' dir='ltr'>iis</span> <span class='ocrx_word' id='word_1_142' title='bbox 523 1189 614 1226; x_wconf 88' lang='lat' dir='ltr'>ager</span> <span class='ocrx_word' id='word_1_143' title='bbox 632 1181 773 1226; x_wconf 91' lang='lat' dir='ltr'>posset.</span> 
     </span>
    </p>

    <p class='ocr_par' dir='ltr' id='par_1_3' title="bbox 51 1239 1398 2489">
     <span class='ocr_line' id='line_1_18' title="bbox 131 1239 1394 1290; baseline -0.002 -12"><span class='ocrx_word' id='word_1_144' title='bbox 131 1239 206 1278; x_wconf 89' lang='lat' dir='ltr'>VI.</span> <span class='ocrx_word' id='word_1_145' title='bbox 238 1241 300 1278; x_wconf 75' lang='lat'>20.</span> <span class='ocrx_word' id='word_1_146' title='bbox 332 1240 494 1278; x_wconf 85' lang='lat' dir='ltr'>Postero</span> <span class='ocrx_word' id='word_1_147' title='bbox 528 1240 590 1278; x_wconf 90' lang='lat' dir='ltr'>die</span> <span class='ocrx_word' id='word_1_148' title='bbox 629 1243 855 1278; x_wconf 76' lang='lat' dir='ltr'>convocatos</span> <span class='ocrx_word' id='word_1_149' title='bbox 888 1239 1004 1277; x_wconf 90' lang='lat' dir='ltr'>duces</span> <span class='ocrx_word' id='word_1_150' title='bbox 1040 1239 1235 1290; x_wconf 89' lang='lat' dir='ltr'>copiarum</span> <span class='ocrx_word' id='word_1_151' title='bbox 1273 1239 1394 1289; x_wconf 61' lang='lat' dir='ltr'>docet,</span> 
     </span>
     <span class='ocr_line' id='line_1_19' title="bbox 51 1302 1394 1354; baseline 0 -14"><span class='ocrx_word' id='word_1_152' title='bbox 51 1302 197 1341; x_wconf 89' lang='lat' dir='ltr'>nullam</span> <span class='ocrx_word' id='word_1_153' title='bbox 216 1303 453 1341; x_wconf 84' lang='lat' dir='ltr'>infestiorem</span> <span class='ocrx_word' id='word_1_154' title='bbox 471 1303 604 1341; x_wconf 89' lang='lat' dir='ltr'>urbem</span> <span class='ocrx_word' id='word_1_155' title='bbox 625 1302 770 1342; x_wconf 80' lang='lat' dir='ltr'>Graeois</span> <span class='ocrx_word' id='word_1_156' title='bbox 797 1316 891 1351; x_wconf 88' lang='lat' dir='ltr'>esse,</span> <span class='ocrx_word' id='word_1_157' title='bbox 911 1304 1027 1354; x_wconf 73' lang='lat' dir='ltr'>quam</span> <span class='ocrx_word' id='word_1_158' title='bbox 1053 1303 1199 1354; x_wconf 88' lang='lat' dir='ltr'>regiam</span> <span class='ocrx_word' id='word_1_159' title='bbox 1218 1307 1394 1341; x_wconf 83' lang='lat' dir='ltr'>veterum</span> 
     </span>
     <span class='ocr_line' id='line_1_20' title="bbox 52 1366 1394 1418; baseline -0.001 -14"><span class='ocrx_word' id='word_1_160' title='bbox 52 1366 228 1404; x_wconf 84' lang='lat' dir='ltr'>Persidis</span> <span class='ocrx_word' id='word_1_161' title='bbox 261 1366 425 1418; x_wconf 87' lang='lat' dir='ltr'>Regum.</span> <span class='ocrx_word' id='word_1_162' title='bbox 484 1366 591 1404; x_wconf 86' lang='lat' dir='ltr'>Hinc</span> <span class='ocrx_word' id='word_1_163' title='bbox 623 1366 692 1404; x_wconf 87' lang='lat' dir='ltr'>illa</span> <span class='ocrx_word' id='word_1_164' title='bbox 718 1367 904 1404; x_wconf 87' lang='lat' dir='ltr'>immensa</span> <span class='ocrx_word' id='word_1_165' title='bbox 931 1366 1082 1417; x_wconf 84' lang='lat' dir='ltr'>agmina</span> <span class='ocrx_word' id='word_1_166' title='bbox 1101 1366 1276 1404; x_wconf 81' lang='lat' dir='ltr'>¹infusa:</span> <span class='ocrx_word' id='word_1_167' title='bbox 1307 1366 1394 1403; x_wconf 91' lang='lat' dir='ltr'>hinc</span> 
     </span>
     <span class='ocr_line' id='line_1_21' title="bbox 53 1429 1395 1480; baseline -0.001 -13"><span class='ocrx_word' id='word_1_168' title='bbox 53 1429 215 1467; x_wconf 88' lang='lat' dir='ltr'>Darium</span> <span class='ocrx_word' id='word_1_169' title='bbox 251 1429 373 1480; x_wconf 62' lang='lat' dir='ltr'>prinis,</span> <span class='ocrx_word' id='word_1_170' title='bbox 413 1429 553 1467; x_wconf 80' lang='lat' dir='ltr'>deinde</span> <span class='ocrx_word' id='word_1_171' title='bbox 593 1429 778 1477; x_wconf 79' lang='lat' dir='ltr'>Xerxem,</span> <span class='ocrx_word' id='word_1_172' title='bbox 817 1429 987 1480; x_wconf 65' lang='lat' dir='ltr'>Europae</span> <span class='ocrx_word' id='word_1_173' title='bbox 1023 1429 1183 1479; x_wconf 89' lang='lat' dir='ltr'>impium</span> <span class='ocrx_word' id='word_1_174' title='bbox 1220 1429 1395 1466; x_wconf 84' lang='lat' dir='ltr'>intulisse</span> 
     </span>
     <span class='ocr_line' id='line_1_22' title="bbox 51 1491 1394 1542; baseline -0.001 -12"><span class='ocrx_word' id='word_1_175' title='bbox 51 1491 208 1530; x_wconf 89' lang='lat' dir='ltr'>bellum.</span> <span class='ocrx_word' id='word_1_176' title='bbox 266 1492 432 1529; x_wconf 79' lang='lat' dir='ltr'>Excidio</span> <span class='ocrx_word' id='word_1_177' title='bbox 451 1492 557 1529; x_wconf 90' lang='lat' dir='ltr'>illius</span> <span class='ocrx_word' id='word_1_178' title='bbox 584 1492 863 1542; x_wconf 86' lang='lat' dir='ltr'>parentandum</span> <span class='ocrx_word' id='word_1_179' title='bbox 895 1505 978 1530; x_wconf 87' lang='lat' dir='ltr'>esse</span> <span class='ocrx_word' id='word_1_180' title='bbox 1009 1492 1231 1542; x_wconf 89' lang='lat' dir='ltr'>majoribus.</span> <span class='ocrx_word' id='word_1_181' title='bbox 1289 1492 1394 1530; x_wconf 82' lang='lat' dir='ltr'>Jam-</span> 
     </span>
     <span class='ocr_line' id='line_1_23' title="bbox 52 1554 1395 1605; baseline 0 -13"><span class='ocrx_word' id='word_1_182' title='bbox 52 1567 128 1605; x_wconf 89' lang='lat' dir='ltr'>que</span> <span class='ocrx_word' id='word_1_183' title='bbox 165 1554 342 1602; x_wconf 89' lang='lat' dir='ltr'>Barbari,</span> <span class='ocrx_word' id='word_1_184' title='bbox 377 1554 529 1592; x_wconf 87' lang='lat' dir='ltr'>deserto</span> <span class='ocrx_word' id='word_1_185' title='bbox 562 1554 714 1604; x_wconf 91' lang='lat' dir='ltr'>oppido,</span> <span class='ocrx_word' id='word_1_186' title='bbox 747 1555 826 1605; x_wconf 68' lang='lat' dir='ltr'>qua</span> <span class='ocrx_word' id='word_1_187' title='bbox 857 1567 1046 1605; x_wconf 88' lang='lat' dir='ltr'>quemque</span> <span class='ocrx_word' id='word_1_188' title='bbox 1082 1559 1207 1592; x_wconf 86' lang='lat' dir='ltr'>metus</span> <span class='ocrx_word' id='word_1_189' title='bbox 1245 1555 1395 1605; x_wconf 87' lang='lat' dir='ltr'>agebat,</span> 
     </span>
     <span class='ocr_line' id='line_1_24' title="bbox 55 1617 1390 1668; baseline 0 -14"><span class='ocrx_word' id='word_1_190' title='bbox 55 1617 310 1668; x_wconf 88' lang='lat' dir='ltr'>diffugerant;</span> <span class='ocrx_word' id='word_1_191' title='bbox 360 1618 449 1654; x_wconf 71' lang='lat' dir='ltr'>cum</span> <span class='ocrx_word' id='word_1_192' title='bbox 487 1617 576 1655; x_wconf 78' lang='lat' dir='ltr'>Rex</span> <span class='ocrx_word' id='word_1_193' title='bbox 611 1617 837 1667; x_wconf 85' lang='lat' dir='ltr'>phalangem</span> <span class='ocrx_word' id='word_1_194' title='bbox 882 1617 939 1654; x_wconf 84' lang='lat' dir='ltr'>nil</span> <span class='ocrx_word' id='word_1_195' title='bbox 984 1622 1186 1654; x_wconf 86' lang='lat' dir='ltr'>cunctatus</span> <span class='ocrx_word' id='word_1_196' title='bbox 1231 1617 1390 1654; x_wconf 87' lang='lat' dir='ltr'>inducit.</span> 
     </span>
     <span class='ocr_line' id='line_1_25' title="bbox 54 1679 1396 1731; baseline -0.001 -13"><span class='ocrx_word' id='word_1_197' title='bbox 54 1679 203 1718; x_wconf 81' lang='lat' dir='ltr'>Multas</span> <span class='ocrx_word' id='word_1_198' title='bbox 235 1680 348 1718; x_wconf 87' lang='lat' dir='ltr'>urbes</span> <span class='ocrx_word' id='word_1_199' title='bbox 381 1680 544 1718; x_wconf 85' lang='lat' dir='ltr'>refertas</span> <span class='ocrx_word' id='word_1_200' title='bbox 582 1679 779 1731; x_wconf 68' lang='lat' dir='ltr'>opulentia</span> <span class='ocrx_word' id='word_1_201' title='bbox 814 1680 922 1730; x_wconf 68' lang='lat' dir='ltr'>regia</span> <span class='ocrx_word' id='word_1_202' title='bbox 960 1680 1103 1730; x_wconf 83' lang='lat' dir='ltr'>partim</span> <span class='ocrx_word' id='word_1_203' title='bbox 1141 1682 1396 1730; x_wconf 75' lang='lat' dir='ltr'>expugnarat,</span> 
     </span>
     <span class='ocr_line' id='line_1_26' title="bbox 52 1742 1396 1794; baseline 0 -14"><span class='ocrx_word' id='word_1_204' title='bbox 52 1744 195 1794; x_wconf 73' lang='lat' dir='ltr'>partim</span> <span class='ocrx_word' id='word_1_205' title='bbox 214 1743 254 1780; x_wconf 91' lang='lat' dir='ltr'>in</span> <span class='ocrx_word' id='word_1_206' title='bbox 273 1743 388 1780; x_wconf 89' lang='lat' dir='ltr'>fidem</span> <span class='ocrx_word' id='word_1_207' title='bbox 408 1748 616 1793; x_wconf 88' lang='lat' dir='ltr'>acceperat.</span> <span class='ocrx_word' id='word_1_208' title='bbox 674 1742 753 1781; x_wconf 80' lang='lat' dir='ltr'>Sed</span> <span class='ocrx_word' id='word_1_209' title='bbox 784 1742 891 1781; x_wconf 91' lang='lat' dir='ltr'>urbis</span> <span class='ocrx_word' id='word_1_210' title='bbox 921 1742 1037 1792; x_wconf 88' lang='lat' dir='ltr'>hujus</span> <span class='ocrx_word' id='word_1_211' title='bbox 1071 1742 1219 1780; x_wconf 77' lang='lat' dir='ltr'>divitiae</span> <span class='ocrx_word' id='word_1_212' title='bbox 1238 1743 1250 1760; x_wconf 82' lang='lat'>²</span> <span class='ocrx_word' id='word_1_213' title='bbox 1266 1742 1396 1780; x_wconf 70' lang='lat' dir='ltr'>vicere</span> 
     </span>
     <span class='ocr_line' id='line_1_27' title="bbox 53 1805 1397 1857; baseline -0.001 -13"><span class='ocrx_word' id='word_1_214' title='bbox 53 1805 263 1857; x_wconf 82' lang='lat' dir='ltr'>praeterita.</span> <span class='ocrx_word' id='word_1_215' title='bbox 322 1805 372 1844; x_wconf 94' lang='lat' dir='ltr'>In</span> <span class='ocrx_word' id='word_1_216' title='bbox 402 1806 499 1843; x_wconf 88' lang='lat' dir='ltr'>hanc</span> <span class='ocrx_word' id='word_1_217' title='bbox 525 1805 647 1843; x_wconf 86' lang='lat' dir='ltr'>totius</span> <span class='ocrx_word' id='word_1_218' title='bbox 679 1805 854 1843; x_wconf 87' lang='lat' dir='ltr'>Persidis</span> <span class='ocrx_word' id='word_1_219' title='bbox 885 1818 975 1856; x_wconf 90' lang='lat' dir='ltr'>opes</span> <span class='ocrx_word' id='word_1_220' title='bbox 1004 1809 1272 1857; x_wconf 85' lang='lat' dir='ltr'>congesserant</span> <span class='ocrx_word' id='word_1_221' title='bbox 1303 1805 1397 1843; x_wconf 88' lang='lat' dir='ltr'>Bar-</span> 
     </span>
     <span class='ocr_line' id='line_1_28' title="bbox 52 1868 1396 1920; baseline -0.002 -12"><span class='ocrx_word' id='word_1_222' title='bbox 52 1869 163 1908; x_wconf 89' lang='lat' dir='ltr'>bari:</span> <span class='ocrx_word' id='word_1_223' title='bbox 194 1881 343 1917; x_wconf 85' lang='lat' dir='ltr'>aurum,</span> <span class='ocrx_word' id='word_1_224' title='bbox 381 1873 657 1920; x_wconf 88' lang='lat' dir='ltr'>argentumque</span> <span class='ocrx_word' id='word_1_225' title='bbox 691 1868 929 1906; x_wconf 86' lang='lat' dir='ltr'>cumulatum</span> <span class='ocrx_word' id='word_1_226' title='bbox 962 1874 1069 1906; x_wconf 87' lang='lat' dir='ltr'>erat:</span> <span class='ocrx_word' id='word_1_227' title='bbox 1112 1869 1231 1906; x_wconf 86' lang='lat' dir='ltr'>vestis</span> <span class='ocrx_word' id='word_1_228' title='bbox 1263 1868 1396 1920; x_wconf 87' lang='lat' dir='ltr'>ingens</span> 
     </span>
     <span class='ocr_line' id='line_1_29' title="bbox 53 1931 1396 1983; baseline -0.001 -13"><span class='ocrx_word' id='word_1_229' title='bbox 53 1932 215 1971; x_wconf 88' lang='lat' dir='ltr'>modus:</span> <span class='ocrx_word' id='word_1_230' title='bbox 244 1931 430 1983; x_wconf 83' lang='lat' dir='ltr'>supellex,</span> <span class='ocrx_word' id='word_1_231' title='bbox 449 1945 525 1970; x_wconf 88' lang='lat' dir='ltr'>non</span> <span class='ocrx_word' id='word_1_232' title='bbox 557 1932 607 1969; x_wconf 90' lang='lat' dir='ltr'>ad</span> <span class='ocrx_word' id='word_1_233' title='bbox 638 1945 750 1970; x_wconf 91' lang='lat' dir='ltr'>usum</span> <span class='ocrx_word' id='word_1_234' title='bbox 779 1932 903 1983; x_wconf 76' lang='lat' dir='ltr'>modo,</span> <span class='ocrx_word' id='word_1_235' title='bbox 928 1932 996 1970; x_wconf 89' lang='lat' dir='ltr'>sed</span> <span class='ocrx_word' id='word_1_236' title='bbox 1023 1932 1073 1969; x_wconf 86' lang='lat' dir='ltr'>ad</span> <span class='ocrx_word' id='word_1_237' title='bbox 1100 1932 1396 1970; x_wconf 86' lang='lat' dir='ltr'>ostentationem</span> 
     </span>
     <span class='ocr_line' id='line_1_30' title="bbox 53 1995 1395 2046; baseline -0.001 -13"><span class='ocrx_word' id='word_1_238' title='bbox 53 1995 172 2033; x_wconf 74' lang='lat' dir='ltr'>luxus</span> <span class='ocrx_word' id='word_1_239' title='bbox 202 2000 428 2046; x_wconf 84' lang='lat' dir='ltr'>comparata.</span> <span class='ocrx_word' id='word_1_240' title='bbox 486 1995 627 2046; x_wconf 89' lang='lat' dir='ltr'>Itaque</span> <span class='ocrx_word' id='word_1_241' title='bbox 661 1995 762 2034; x_wconf 87' lang='lat' dir='ltr'>inter</span> <span class='ocrx_word' id='word_1_242' title='bbox 794 1995 898 2046; x_wconf 87' lang='lat' dir='ltr'>ipsos</span> <span class='ocrx_word' id='word_1_243' title='bbox 917 1996 1084 2034; x_wconf 81' lang='lat' dir='ltr'>victores</span> <span class='ocrx_word' id='word_1_244' title='bbox 1114 1995 1216 2033; x_wconf 88' lang='lat' dir='ltr'>ferro</span> <span class='ocrx_word' id='word_1_245' title='bbox 1245 1995 1395 2032; x_wconf 89' lang='lat' dir='ltr'>dimica-</span> 
     </span>
     <span class='ocr_line' id='line_1_31' title="bbox 54 2058 1396 2110; baseline -0.001 -13"><span class='ocrx_word' id='word_1_246' title='bbox 54 2058 176 2097; x_wconf 85' lang='lat' dir='ltr'>batur.</span> <span class='ocrx_word' id='word_1_247' title='bbox 233 2058 311 2097; x_wconf 91' lang='lat' dir='ltr'>Pro</span> <span class='ocrx_word' id='word_1_248' title='bbox 343 2058 456 2096; x_wconf 87' lang='lat' dir='ltr'>hoste</span> <span class='ocrx_word' id='word_1_249' title='bbox 489 2064 573 2097; x_wconf 90' lang='lat' dir='ltr'>erat</span> <span class='ocrx_word' id='word_1_250' title='bbox 601 2058 669 2110; x_wconf 87' lang='lat' dir='ltr'>qui</span> <span class='ocrx_word' id='word_1_251' title='bbox 698 2059 965 2109; x_wconf 88' lang='lat' dir='ltr'>pretiosiorem</span> <span class='ocrx_word' id='word_1_252' title='bbox 993 2058 1274 2109; x_wconf 75' lang='lat' dir='ltr'>&#39;occupaverat</span> <span class='ocrx_word' id='word_1_253' title='bbox 1301 2072 1396 2109; x_wconf 81' lang='lat' dir='ltr'>prae-</span> 
     </span>
     <span class='ocr_line' id='line_1_32' title="bbox 56 2120 1396 2172; baseline -0.001 -14"><span class='ocrx_word' id='word_1_254' title='bbox 56 2121 153 2158; x_wconf 90' lang='lat' dir='ltr'>dam.</span> <span class='ocrx_word' id='word_1_255' title='bbox 209 2120 222 2138; x_wconf 87' lang='lat'><strong>⁴</strong></span> <span class='ocrx_word' id='word_1_256' title='bbox 239 2120 295 2158; x_wconf 87' lang='lat' dir='ltr'>Et</span> <span class='ocrx_word' id='word_1_257' title='bbox 323 2122 413 2159; x_wconf 78' lang='lat' dir='ltr'>eum</span> <span class='ocrx_word' id='word_1_258' title='bbox 432 2121 560 2160; x_wconf 85' lang='lat' dir='ltr'>omnia</span> <span class='ocrx_word' id='word_1_259' title='bbox 588 2134 675 2172; x_wconf 85' lang='lat' dir='ltr'>quae</span> <span class='ocrx_word' id='word_1_260' title='bbox 705 2121 952 2172; x_wconf 85' lang='lat' dir='ltr'>recipiebant,</span> <span class='ocrx_word' id='word_1_261' title='bbox 973 2134 1107 2172; x_wconf 90' lang='lat' dir='ltr'>capere</span> <span class='ocrx_word' id='word_1_262' title='bbox 1134 2134 1211 2160; x_wconf 90' lang='lat' dir='ltr'>non</span> <span class='ocrx_word' id='word_1_263' title='bbox 1229 2127 1396 2172; x_wconf 89' lang='lat' dir='ltr'>possent,</span> 
     </span>
     <span class='ocr_line' id='line_1_33' title="bbox 65 2184 1398 2235; baseline 0 -15"><span class='ocrx_word' id='word_1_264' title='bbox 65 2186 146 2234; x_wconf 87' lang='lat' dir='ltr'>jam</span> <span class='ocrx_word' id='word_1_265' title='bbox 176 2195 237 2221; x_wconf 84' lang='lat' dir='ltr'>res</span> <span class='ocrx_word' id='word_1_266' title='bbox 268 2196 345 2221; x_wconf 86' lang='lat' dir='ltr'>non</span> <span class='ocrx_word' id='word_1_267' title='bbox 375 2184 667 2235; x_wconf 87' lang='lat' dir='ltr'>occupabantur,</span> <span class='ocrx_word' id='word_1_268' title='bbox 699 2185 768 2223; x_wconf 87' lang='lat' dir='ltr'>sed</span> <span class='ocrx_word' id='word_1_269' title='bbox 798 2185 1098 2223; x_wconf 69' lang='lat' dir='ltr'>aestimabantur.</span> <span class='ocrx_word' id='word_1_270' title='bbox 1158 2184 1398 2223; x_wconf 83' lang='lat' dir='ltr'>Lacerabant</span> 
     </span>
     <span class='ocr_line' id='line_1_34' title="bbox 55 2246 1397 2299; baseline -0.001 -14"><span class='ocrx_word' id='word_1_271' title='bbox 55 2247 182 2298; x_wconf 86' lang='lat' dir='ltr'>regias</span> <span class='ocrx_word' id='word_1_272' title='bbox 201 2251 342 2294; x_wconf 78' lang='lat' dir='ltr'>vesteS,</span> <span class='ocrx_word' id='word_1_273' title='bbox 362 2246 413 2284; x_wconf 88' lang='lat' dir='ltr'>ad</span> <span class='ocrx_word' id='word_1_274' title='bbox 444 2259 485 2285; x_wconf 87' lang='lat' dir='ltr'>se</span> <span class='ocrx_word' id='word_1_275' title='bbox 503 2248 665 2299; x_wconf 86' lang='lat' dir='ltr'>quisque</span> <span class='ocrx_word' id='word_1_276' title='bbox 697 2253 846 2298; x_wconf 85' lang='lat' dir='ltr'>partem</span> <span class='ocrx_word' id='word_1_277' title='bbox 866 2248 1087 2286; x_wconf 86' lang='lat' dir='ltr'>trahentes:</span> <span class='ocrx_word' id='word_1_278' title='bbox 1119 2248 1286 2286; x_wconf 88' lang='lat' dir='ltr'>dolabris</span> <span class='ocrx_word' id='word_1_279' title='bbox 1315 2260 1397 2297; x_wconf 85' lang='lat' dir='ltr'>prc-</span> 
     </span>
     <span class='ocr_line' id='line_1_35' title="bbox 58 2309 1398 2363; baseline -0.001 -16"><span class='ocrx_word' id='word_1_280' title='bbox 58 2310 164 2348; x_wconf 83' lang='lat' dir='ltr'>tiosae</span> <span class='ocrx_word' id='word_1_281' title='bbox 183 2309 278 2346; x_wconf 86' lang='lat' dir='ltr'>artis</span> <span class='ocrx_word' id='word_1_282' title='bbox 297 2321 390 2346; x_wconf 82' lang='lat' dir='ltr'>vasa</span> <span class='ocrx_word' id='word_1_283' title='bbox 408 2309 603 2348; x_wconf 85' lang='lat' dir='ltr'>caedebant</span> <span class='ocrx_word' id='word_1_284' title='bbox 621 2324 629 2348; x_wconf 93' lang='lat'>:</span> <span class='ocrx_word' id='word_1_285' title='bbox 657 2311 757 2349; x_wconf 89' lang='lat' dir='ltr'>nihil</span> <span class='ocrx_word' id='word_1_286' title='bbox 783 2324 906 2363; x_wconf 90' lang='lat' dir='ltr'>neque</span> <span class='ocrx_word' id='word_1_287' title='bbox 935 2312 1122 2350; x_wconf 87' lang='lat' dir='ltr'>intactum</span> <span class='ocrx_word' id='word_1_288' title='bbox 1142 2317 1236 2359; x_wconf 87' lang='lat' dir='ltr'>erat,</span> <span class='ocrx_word' id='word_1_289' title='bbox 1255 2323 1323 2347; x_wconf 90' lang='lat' dir='ltr'>nec</span> <span class='ocrx_word' id='word_1_290' title='bbox 1346 2309 1398 2346; x_wconf 88' lang='lat' dir='ltr'>in·</span> 
     </span>
     <span class='ocr_line' id='line_1_36' title="bbox 55 2371 1397 2424; baseline -0.002 -13"><span class='ocrx_word' id='word_1_291' title='bbox 55 2379 207 2424; x_wconf 83' lang='lat' dir='ltr'>tegrum</span> <span class='ocrx_word' id='word_1_292' title='bbox 226 2371 431 2410; x_wconf 83' lang='lat' dir='ltr'>ferebatur.</span> <span class='ocrx_word' id='word_1_293' title='bbox 500 2372 682 2424; x_wconf 88' lang='lat' dir='ltr'>Abrupta</span> <span class='ocrx_word' id='word_1_294' title='bbox 709 2374 1004 2413; x_wconf 87' lang='lat' dir='ltr'>simulacrorum</span> <span class='ocrx_word' id='word_1_295' title='bbox 1022 2375 1203 2421; x_wconf 89' lang='lat' dir='ltr'>membra,</span> <span class='ocrx_word' id='word_1_296' title='bbox 1232 2379 1277 2410; x_wconf 86' lang='lat' dir='ltr'>ut</span> <span class='ocrx_word' id='word_1_297' title='bbox 1295 2371 1397 2423; x_wconf 89' lang='lat' dir='ltr'>quis·</span> 
     </span>
     <span class='ocr_line' id='line_1_37' title="bbox 55 2434 1396 2489; baseline -0.001 -15"><span class='ocrx_word' id='word_1_298' title='bbox 55 2449 130 2489; x_wconf 69' lang='lat' dir='ltr'>que</span> <span class='ocrx_word' id='word_1_299' title='bbox 166 2435 363 2484; x_wconf 82' lang='lat' dir='ltr'>avcllerat,</span> <span class='ocrx_word' id='word_1_300' title='bbox 402 2434 605 2474; x_wconf 86' lang='lat' dir='ltr'>trahebat:</span> <span class='ocrx_word' id='word_1_301' title='bbox 644 2449 767 2488; x_wconf 87' lang='lat' dir='ltr'>neque</span> <span class='ocrx_word' id='word_1_302' title='bbox 804 2438 965 2476; x_wconf 53' lang='lat' dir='ltr'>avaritia</span> <span class='ocrx_word' id='word_1_303' title='bbox 1002 2438 1140 2488; x_wconf 72' lang='lat' dir='ltr'>solum,</span> <span class='ocrx_word' id='word_1_304' title='bbox 1176 2436 1244 2475; x_wconf 80' lang='lat' dir='ltr'>sed</span> <span class='ocrx_word' id='word_1_305' title='bbox 1281 2435 1396 2474; x_wconf 85' lang='lat' dir='ltr'>etiam</span> 
     </span>
    </p>
   </div>
  </div>
 </body>
</html>
