1583 2680
140 173 217 210 216
605 181 790 215 QUINTI
831 181 1012 208 cunrn

140 290 242 314 mare
262 276 455 314 inviseret.
515 275 642 314 Multa
660 275 820 314 materia
847 274 996 313 navalis
1015 274 1055 312 in
1074 274 1260 326 proximis
1288 274 1481 313 montibus

141 345 232 389 erat,
251 353 366 391 quam
395 339 539 377 caedere
569 339 750 390 aggressi,
770 337 1046 390 magnitudinis
1078 338 1275 376 inusitatae
1306 340 1484 387 reperere

141 408 346 453 serpentes.
404 403 687 440 Rhinocerotes
719 415 883 453 quoque,
902 414 1033 439 rarum
1067 401 1159 439 alibi
1179 401 1329 448 animal,
1350 401 1388 437 in
1423 400 1476 437 iis·

141 466 224 503 dem
244 465 438 503 montibus
460 470 578 502 erant.
639 465 837 503 Caeterum
853 464 924 502 hoc
937 477 1073 502 nomen
1086 464 1225 502 belluis
1246 464 1300 501 eis
1320 463 1484 500 inditum

141 543 162 566 a
183 528 356 577 Graecis3
403 528 589 566 sermonis
622 530 704 578 ejus
735 527 861 579 ignari
892 527 999 564 aliud
1031 527 1165 578 lingua
1196 528 1265 564 sua
1284 515 1482 576 usurpant.

141 591 230 629 Rex
251 591 399 628 duabus
419 591 580 632 urbibus
601 590 765 628 conditis
785 590 825 627 in
853 594 1015 640 utraque
1035 589 1214 637 fluminis,
1234 588 1337 640 quod
1357 601 1483 638 super-

141 659 283 702 averat,
304 654 401 704 ripa,
423 653 618 704 copiarum
647 653 762 691 duces
783 653 932 691 coronis
961 657 1001 690 et
1033 652 1139 690 mille
1160 652 1285 689 aureis
1316 651 1486 702 singulos

142 717 269 755 donat.
343 716 504 755 Caeteris
535 729 684 767 quoque
714 728 784 766 pro
814 715 990 765 portione
1024 719 1091 752 aut
1123 714 1282 764 gradus,
1302 727 1416 765 quem
1447 714 1487 750 in

141 781 280 817 militi-a
313 780 551 828 obtinebant,
583 785 651 817 aut
683 779 859 816 ²'navatae
893 791 1030 828 operae,
1064 778 1185 815 honos
1222 777 1379 815 habitus
1416 781 1485 814 est.

142 844 339 891 Abisares,
360 843 427 894 qui
456 843 567 893 prius
599 843 716 893 quam
735 855 821 880 eum
848 841 950 879 Poro
981 841 1241 890 dimicaretur,
1262 840 1412 892 legatos
1439 840 1488 878 ad

141 907 408 944 Alexandrum
441 906 611 954 miserat,
645 918 781 944 rursus
815 905 912 943 alios
949 905 1068 953 misit,
1100 904 1328 955 pollicentes
1361 904 1489 942 omnia

141 972 334 1008 facturum
371 983 456 1021 quae
486 970 724 1020 imperasset,
755 969 867 1007 modo
899 981 947 1006 ne
981 974 1181 1019 cogeretur
1210 979 1347 1018 corpus
1378 980 1489 1005 suum

143 1034 288 1072 dedere.
347 1033 483 1085 Neque
517 1033 619 1071 enim
651 1038 720 1070 aut
753 1033 835 1071 sine
865 1032 972 1083 regio
1006 1032 1166 1082 imperio
1199 1032 1402 1078 victurum,
1422 1034 1490 1068 aut

141 1103 389 1148 regnaturum
409 1110 492 1135 esse
523 1097 730 1147 captivum.
790 1095 864 1135 Cui
900 1095 1126 1134 Alexander
1155 1094 1330 1133 nunciari
1358 1093 1488 1144 jussit,

143 1162 175 1199 si
194 1166 421 1213 gravaretur
440 1161 489 1198 ad
509 1174 548 1198 se
567 1160 710 1208 venire,
732 1159 859 1210 ipsum
879 1159 928 1197 ad
943 1172 1030 1197 eum
1046 1171 1128 1197 esse
1148 1163 1364 1196 venturum.

222 1228 257 1262 2.
289 1224 394 1262 Hinc
425 1224 539 1274 porro
570 1223 736 1261 Acesine
769 1227 961 1273 superato,
981 1221 1030 1259 ad
1059 1221 1244 1259 interiora
1263 1221 1389 1259 Indiae
1407 1233 1490 1271 pro·

143 1289 272 1327 cessit.
331 1287 461 1338 Sylvae
495 1292 608 1325 erant
640 1286 760 1337 prope
791 1287 832 1323 in
862 1286 1093 1323 immensum
1126 1285 1296 1336 spatium
1327 1285 1490 1334 diffusae,

143 1351 386 1403 procerisque
417 1356 456 1388 et
486 1351 526 1388 in
557 1350 740 1388 eximiam
773 1349 1022 1387 altitudinem
1055 1349 1173 1387 editis
1193 1348 1395 1387 arboribus
1413 1361 1491 1386 um·

144 1416 278 1455 brosae.
349 1414 558 1465 ³Plerique
588 1413 686 1452 rami
718 1414 840 1451 instar
870 1413 1086 1464 ingentium
1123 1413 1298 1463 stipitum
1329 1412 1420 1450 flexi
1452 1412 1493 1450 in

145 1479 313 1526 humum,
345 1490 490 1525 rursus,
525 1477 604 1528 qua
642 1489 682 1514 se
720 1480 986 1523 curvaverant,
1021 1475 1279 1527 erigebantur,
1314 1475 1411 1513 adeo
1448 1480 1494 1513 ut

146 1542 290 1592 species
311 1546 413 1578 esset
431 1553 507 1578 non
526 1540 625 1577 rami
654 1539 905 1590 resurgentis,
927 1538 996 1576 sed
1027 1538 1175 1577 arboris
1207 1552 1256 1577 ex
1275 1540 1348 1576 sua
1365 1538 1494 1576 radice

145 1610 346 1656 generatas.
425 1603 524 1642 Coeli
560 1602 765 1653 temperies
804 1601 998 1641 salubris:
1041 1602 1183 1653 quippe
1221 1607 1261 1640 et
1290 1602 1370 1640 vim
1403 1601 1495 1640 solis

146 1668 290 1706 umbrae
319 1667 459 1716 levant,
480 1671 520 1705 et
550 1679 661 1718 aquae
691 1665 810 1717 largae
837 1669 996 1703 manant
1015 1677 1035 1703 e
1055 1665 1237 1704 fontibus.
1298 1664 1496 1704 Caeterum

146 1733 209 1770 liic
229 1745 379 1783 quoque
400 1730 637 1781 serpentium
655 1743 793 1781 magna
811 1729 872 1767 vis
899 1733 992 1778 erat,
1014 1729 1182 1780 squamis
1202 1728 1392 1781 fulgorem
1411 1728 1496 1767 auri

146 1796 408 1834 reddentibus
467 1794 589 1833 Virus
621 1794 726 1832 haud
758 1793 882 1831 ullum
915 1792 1038 1843 magis
1066 1792 1226 1830 noxium
1244 1797 1326 1830 est:
1355 1791 1495 1843 quippe

147 1873 316 1898 morsum
335 1871 504 1910 praesens
523 1870 627 1896 mors
647 1857 892 1908 sequebatur,
915 1856 1035 1894 donee
1055 1856 1103 1894 ab
1130 1854 1266 1893 incolis
1285 1855 1497 1893 remedium

148 1923 319 1961 oblatum
339 1926 409 1959 est.
469 1920 575 1959 Hine
607 1933 676 1971 per
709 1919 863 1958 deserta
883 1923 1041 1957 ventum
1074 1922 1132 1955 est
1163 1917 1212 1955 ad
1230 1918 1370 1955 flumen
1391 1917 1496 1968 Hya-

148 1987 273 2025 rotim.
334 1985 363 2023 J
367 1989 526 2023 unctum
547 1988 630 2022 erat
649 1983 799 2022 flumini
826 1995 972 2031 nemuS,
992 1994 1152 2032 opacum
1185 1980 1386 2019 arboribus
1405 1981 1498 2019 alibi

150 2049 360 2097 inusitatis,
410 2048 696 2100 agrestiumque
750 2059 941 2097 pavonum
1004 2044 1254 2083 multitudine
1304 2045 1495 2096 frequens.

153 2112 302 2150 Castris
341 2111 430 2149 inde
470 2110 597 2159 motis,
629 2109 811 2160 oppidum
844 2108 948 2147 haud
985 2108 1118 2159 procul
1155 2108 1324 2158 positum
1360 2109 1499 2146 corona

152 2175 265 2225 capit,
296 2174 570 2225 obsidibusque
605 2173 784 2224 acceptis,
806 2171 1040 2222 stipendium
1070 2171 1245 2222 imponit.
1302 2171 1370 2209 Ad
1399 2184 1498 2222 mag-

153 2251 240 2275 nam
271 2237 408 2274 deinde
444 2237 504 2285 (ut
543 2237 582 2274 in
616 2239 662 2274 esi
695 2235 864 2286 regione)
886 2235 1020 2273 urbem
1054 2234 1251 2285 pervenit,
1281 2247 1357 2272 non
1389 2247 1499 2272 muro

155 2301 290 2349 solum,
311 2300 379 2338 scd
410 2301 523 2338 etiam
551 2299 689 2350 palude
717 2299 915 2337 munitam.
975 2299 1174 2338 Caeterum
1208 2298 1373 2336 Barbari
1400 2297 1499 2336 vehi·

157 2364 253 2402 culis
291 2365 391 2402 inter
430 2377 468 2401 se
502 2363 649 2413 junctis
688 2363 906 2401 dimicaturi
945 2367 1204 2401 occurrerunt.
1281 2361 1377 2399 Tela
1413 2360 1500 2398 aliis

157 2427 290 2476 hastae,
328 2428 416 2466 aliis
469 2440 623 2466 secures
672 2433 780 2465 crant
804 2440 810 2464 :
859 2426 1201 2477 transiliebantque
1249 2424 1290 2462 in
1325 2423 1501 2463 vehicula

159 2497 313 2530 strenuo
335 2491 449 2541 saltu,
470 2492 558 2530 eum
580 2504 801 2530 succurrere
831 2490 1096 2529 laborantibus
1126 2488 1206 2528 suis
1227 2487 1382 2527 vellent.
1440 2486 1502 2525 Ao
