1583 2680
490 173 647 198 mum<
683 173 751 197 1v.
791 171 896 197 CAP.
935 173 1010 197 111.
1373 162 1420 198 39

81 265 275 313 tinentem,
294 264 365 303 hoc
383 265 509 303 acrius
530 261 688 304 furere.'’
725 264 782 303 At
801 264 866 302 ille
884 263 1174 316 haudquaquam
1201 264 1307 302 rudis
1327 270 1422 303 trac-

83 329 191 367 tandi
219 329 406 367 militares
425 329 582 377 animos,
604 328 765 379 speciem
784 328 858 366 sibi
877 327 1058 366 Herculis
1091 327 1130 365 in
1164 341 1293 365 somno
1322 328 1422 366 obla-

81 398 159 430 tam
197 405 280 430 esse
323 392 547 443 pronunciat
590 391 761 430 dextram
795 391 1024 443 porrigentis
1041 404 1049 429 :
1095 391 1163 428 illo
1211 390 1316 439 duee,
1354 391 1422 428 illo

79 455 284 506 aperiente,
305 455 344 493 in
362 455 495 494 urbem
512 455 655 494 intrare
674 468 713 493 se
730 455 865 493 visum.
922 454 1033 492 Inter
1060 453 1139 492 haeo
1160 453 1423 492 caduceatores

78 519 311 568 interfectos,
331 518 504 571 gentium
519 519 609 568 jura
627 518 769 557 violata
797 518 983 557 referebat
999 530 1007 556 ε
1048 531 1160 555 unam
1180 530 1260 555 esse
1278 518 1422 566 urbem,

77 595 162 633 quae
180 595 331 620 cursum
349 581 506 620 victoris
523 581 662 619 morari
679 594 773 619 ausa
790 585 902 619 esset.
957 580 1127 619 Ducibus
1156 580 1296 618 deinde
1314 593 1423 632 nego-

79 646 176 683 tium
195 646 320 694 datur,
339 649 384 682 ut
414 657 501 682 suos
520 644 678 695 quisque
697 643 860 695 castiget
877 656 885 681 :
915 643 1082 694 satisque
1100 643 1275 682 omnibus
1295 644 1423 681 stimu-

79 708 180 757 latis,
200 721 292 759 opus
325 720 432 747 orsus
462 711 529 746 est.
587 707 730 759 Magna
746 707 804 746 vis
837 719 1015 745 saxorum
1044 708 1067 725 ¹⁷
1081 706 1130 744 ad
1157 720 1309 744 manum
1330 712 1422 753 erat,

80 771 182 822 Tyro
201 777 329 810 vetere
357 771 573 822 praebente:
601 770 780 808 materies
811 783 858 809 ex
887 770 1035 809 Libano
1062 775 1190 808 monte
1212 770 1358 808 ratibus
1385 774 1424 807 et

80 835 250 873 turribus
268 834 452 872 faciendis
469 833 736 872 advehebatur.

168 900 224 936 10.
257 898 422 949 Jamque
443 911 465 934 a
483 897 602 934 fundo
629 897 745 934 maris
773 896 813 933 in
841 896 1087 933 altitudinem
1114 896 1301 934 modicam
1329 909 1423 946 opus

81 961 506 1009 excreverat,nond1im
534 966 661 998 tamen
689 973 798 1010 aquae
824 959 1022 1011 fastigium
1054 959 1253 1010 oequabat:
1283 964 1322 997 ct
1349 960 1424 1011 quo

82 1025 238 1075 longius
270 1024 390 1062 moles
423 1023 609 1074 agebatur
627 1036 650 1060 a
667 1023 810 1070 littore,
831 1022 902 1059 hec
921 1022 1042 1072 magis
1070 1022 1252 1074 quicquid
1282 1023 1423 1073 ingere-

81 1088 206 1138 batur,
224 1087 427 1138 praealtum
455 1085 684 1124 absorbebat
703 1097 830 1122 mare:
871 1085 992 1135 Tyrii,
1013 1085 1142 1135 parvis
1169 1085 1333 1136 navigiis
1362 1086 1423 1123 ad-

80 1152 207 1199 motis,
240 1165 309 1202 per
344 1150 556 1188 ludibrium
593 1148 891 1199 exprobrabant,
926 1151 947 1169 “
961 1148 1062 1197 illos,
1097 1149 1211 1186 armis
1248 1149 1424 1199 inclytos,

84 1215 207 1265 dorso,
238 1215 339 1253 sicut
367 1215 554 1264 jumenta,
584 1225 700 1250 onera
727 1212 915 1263 gestare.”
972 1211 1271 1263 Interrogabant
1300 1212 1425 1261 etiam,

80 1282 102 1300 “
118 1292 209 1317 num
237 1280 359 1329 major
379 1277 562 1328 Neptuno
582 1281 684 1314 esset
704 1275 928 1314 Alexander
943 1275 961 1313 ⁴?
976 1276 996 1295 '³
1054 1275 1151 1314 Haec
1170 1275 1254 1326 ipsa
1273 1274 1295 1293 ¹³
1308 1276 1423 1313 insec-

80 1343 174 1380 tatio
195 1342 432 1380 alacritatem
451 1340 618 1378 militum
638 1339 822 1377 accendit.
880 1338 1048 1390 Jamque
1075 1338 1279 1389 paululum
1305 1339 1424 1377 moles

80 1419 217 1457 aquam
245 1405 450 1451 eminebat,
471 1408 510 1441 et
530 1402 646 1441 simul
673 1402 822 1454 aggeris
849 1401 1013 1440 latitudo
1042 1402 1246 1452 crescebat,
1265 1402 1425 1454 urbique

80 1469 377 1517 admovebatur3
408 1469 498 1505 clim
519 1467 641 1517 Tyrii,
659 1465 923 1517 magnitudine
949 1465 1201 1516 molisscujus
1220 1466 1423 1504 incremen-

82 1538 163 1570 tum
183 1546 246 1571 eos
267 1538 380 1570 antea
398 1531 600 1577 fefellerat,
621 1531 837 1579 conspecta,
857 1529 1008 1567 levibus
1035 1529 1200 1581 navigiis
1220 1530 1423 1567 ¹⁹n0nd1¹¹m

83 1595 326 1633 commissum
353 1606 447 1644 opus
476 1592 677 1630 circumire
710 1596 916 1642 coeperunt,
937 1591 1149 1629 missilibus
1171 1605 1235 1630 eos
1264 1605 1425 1643 quoque,

83 1659 149 1710 qui
168 1671 237 1709 pro
257 1670 370 1708 opere
391 1656 556 1703 stabant,
577 1656 777 1693 incessere.
837 1654 978 1692 Multis
999 1655 1092 1705 ergo
1120 1655 1276 1705 impune
1297 1655 1424 1693 vulne-

82 1723 190 1772 ratis,
205 1723 293 1759 clim
309 1726 348 1759 et
366 1733 571 1767 removere,
589 1724 626 1757 et
642 1718 832 1769 appellere
847 1718 1006 1768 scaphas
1021 1718 1047 1736 ²⁰
1059 1718 1098 1755 in
1114 1718 1293 1768 expedito
1313 1724 1425 1766 esset,

84 1786 133 1825 ad
154 1798 285 1824 curam
307 1784 533 1834 semetipsos
561 1781 696 1820 tuendi
715 1781 763 1820 ab
782 1793 894 1831 opere
924 1785 1201 1819 converterant.
1257 1781 1281 1799 ²¹
1298 1781 1426 1833 Igitur

82 1863 151 1888 rex
178 1847 436 1886 munientibus
468 1846 570 1884 coria
597 1845 756 1896 velaque
786 1844 905 1895 jussit
937 1844 1107 1892 obtendi,
1141 1848 1186 1881 ut
1214 1849 1324 1882 extra
1353 1845 1424 1882 teli

84 1914 202 1951 ictum
221 1916 371 1961 essent3
402 1911 574 1961 duasque
594 1914 721 1947 turres
742 1922 789 1947 ex
809 1909 933 1959 capite
961 1907 1072 1946 molis
1092 1911 1225 1955 erexit,
1247 1922 1266 1947 e
1286 1908 1425 1959 quibus

85 1979 124 2015 in
145 1976 354 2014 subeuntes
374 1973 533 2024 scaphas
553 1972 630 2010 tela
648 1972 772 2024 ingeri
790 1976 957 2023 possent.
1018 1971 1175 2020 Contra,
1198 1971 1306 2022 Tyrii
1325 1972 1425 2010 navi-

85 2040 149 2092 gia
167 2038 301 2090 procul
321 2051 342 2076 a
362 2041 570 2087 conspectu
586 2036 756 2074 hostium
783 2035 908 2074 littori
937 2035 1144 2086 appellunt,
1165 2035 1424 2087 expositisque

87 2102 288 2150 militibus,
323 2114 399 2151 eOS‚
426 2101 493 2152 qui
527 2113 619 2138 saxa.
649 2100 863 2151 gestabant,
898 2099 1137 2137 obtruncant.
1196 2099 1244 2136 In
1280 2099 1426 2137 Libano

87 2178 238 2217 quoque
268 2164 444 2202 Arabum
476 2167 660 2214 agrestes,
679 2163 951 2213 incompositos
980 2162 1212 2200 Macedonas
1246 2162 1426 2214 aggressi,

90 2229 250 2280 triginta
268 2227 348 2266 fere
369 2227 612 2274 interficiunt,
632 2226 877 2277 paucioribus
897 2226 1028 2276 captis.

171 2290 253 2329 ΙΙΙ.
289 2293 346 2329 ll.
379 2290 439 2328 Ea
457 2302 518 2328 res
538 2289 805 2328 Alexandrum
834 2289 1005 2327 dividere
1035 2288 1162 2339 copias
1182 2288 1315 2339 coegit.
1376 2287 1427 2323 Et

90 2369 138 2393 ne
159 2354 322 2405 seguiter
345 2353 514 2391 assidere
532 2353 599 2391 uni
626 2353 714 2391 urbi
733 2352 943 2400 videretur,
965 2352 1071 2402 operi
1100 2351 1320 2389 Perdiccam
1344 2350 1417 2387 Cra

92 2423 294 2468 torumque
314 2416 507 2467 praefecit:
536 2416 618 2466 ipse
638 2429 724 2454 cum
753 2415 936 2466 expedita
963 2428 1079 2452 manu
1101 2414 1285 2452 Arabiam
1305 2413 1428 2462 petiit.

94 2481 204 2519 Inter
222 2481 314 2528 haec,
336 2480 444 2530 Tyrii
464 2492 597 2517 navem
617 2478 881 2530 magnitudine
903 2478 1057 2525 eximia,
1079 2477 1181 2513 saxis
1201 2478 1390 2526 arenaque
1407 2488 1428 2512 a
