1583 2680
155 98 204 134 76
617 110 800 142 QUINTI
838 110 1024 136 eunru

152 200 285 251 utique
316 205 519 253 postquam
549 201 682 252 auriga
716 202 837 249 Darii,
858 201 925 252 (1111
948 206 1036 239 ante
1067 202 1193 252 ipsum
1222 203 1358 241 sedens
1378 215 1492 255 equos.

149 263 319 314 regebat,
340 263 451 301 hasta
472 265 676 302 transfixus
697 269 764 302 est.
823 263 860 301 N
865 277 906 301 ec
927 269 994 302 aut
1013 264 1158 313 Persae,
1179 270 1246 302 aut
1265 265 1493 304 Macedones

149 325 385 374 dubitavere,
431 327 524 377 quin
561 326 643 377 ipse
681 327 769 365 Rex
805 331 908 364 esset
951 327 1108 365 occisus.
1185 327 1358 378 Lugubri
1403 330 1492 380 ergo

147 389 310 437 ululatu,
333 394 373 426 et
391 389 585 427 incondito
606 389 782 437 clamore,
802 389 1033 441 gemituque,
1052 394 1174 427 totam
1193 390 1273 427 fere
1293 391 1412 428 aciem
1432 392 1492 429 ad-

146 452 220 489 huc
257 465 366 503 aequo
404 452 532 490 Marte
569 453 833 503 pugnantium,
873 453 1077 491 turbavere
1114 453 1267 503 cognati
1305 453 1416 491 Darii
1454 459 1494 492 et,

146 515 348 566 armigeri:
394 515 420 532 ²⁴
432 515 604 566 laevoque
647 529 764 553 cornu
801 515 840 553 in
886 516 1018 566 fugam
1064 516 1195 564 effuso,
1235 508 1492 554 destituerant

148 590 312 625 0111111111,
333 591 446 628 quem
465 591 488 614 a
509 578 647 615 dextra
678 582 787 628 parte
818 578 951 628 stipati
982 578 1022 615 in
1051 578 1220 616 medium
1241 591 1375 628 agmen
1395 591 1492 616 reee-

146 644 298 689 perunt.
356 640 523 688 Dicitur,
555 640 707 678 acinace
741 640 887 689 stricto,
909 640 1051 678 Darius
1085 640 1295 688 dubitasse,
1317 654 1364 678 an
1391 641 1494 693 fugae

147 702 313 740 dedecus
344 703 506 740 honesta
537 709 659 741 morte
686 704 840 742 vitaret.
896 703 924 720 ²⁵
939 703 1017 742 Sed
1048 704 1218 740 eminens
1251 716 1376 750 curru,
1405 717 1492 742 non-

150 765 244 802 dum
281 779 430 803 omnem
468 779 621 803 suorum
659 766 777 803 aciem
821 766 956 816 praelio
994 766 1244 804 excedentem
1280 766 1493 805 destituere

145 829 403 866 erubescebat.
479 828 586 866 Dum
623 829 724 866 inter
761 841 867 879 spem
905 833 944 866 et
989 829 1293 879 desperationem
1329 829 1493 879 haesitat,

145 895 285 930 sensim
317 892 449 929 Persae
481 892 679 942 cedebant,
709 896 748 930 et
780 891 1004 930 laxaverant
1034 892 1198 930 ordines.
1256 893 1492 940 Alexander,

144 961 292 992 mutato
313 968 420 1006 equo,
443 955 600 1006 (quippe
621 955 751 1005 plures
770 956 1028 1006 fatigaverat,)
1049 955 1313 994 resistentium
1333 955 1493 994 adversa

144 1031 210 1056 ora
246 1018 428 1067 fodiebat,
465 1016 697 1069 fugientium
733 1023 852 1068 terga.
930 1018 1098 1069 Jamque
1133 1031 1210 1056 11011
1246 1031 1385 1069 pugna,
1424 1019 1492 1056 sed

145 1081 267 1119 caedes
287 1086 381 1129 erat,
401 1082 491 1118 cum
511 1080 659 1119 Darius,
673 1094 824 1132 quoque
845 1094 1001 1118 currum
1022 1094 1134 1119 suum
1154 1081 1194 1118 in
1213 1081 1341 1130 fugam
1360 1082 1488 1119 vertit.

146 1146 173 1162 ²⁰
191 1145 378 1183 Haerebat
396 1144 435 1181 in
454 1144 572 1194 tergis
602 1145 833 1195 fugientium
852 1144 987 1192 vietor,
1009 1144 1076 1182 sed
1103 1150 1348 1195 prospectum
1369 1144 1490 1182 oeulo-

146 1221 230 1245 rum
266 1207 387 1246 nubes
424 1207 607 1258 pulveriS‚
641 1221 727 1258 quae
763 1207 812 1245 ad
850 1207 988 1245 eoelum
1025 1207 1234 1255 ferebatur,
1263 1207 1488 1246 abstulerat.

148 1271 254 1321 Ergo
292 1270 396 1308 haud
444 1271 555 1308 secus
587 1271 704 1321 quam
737 1270 776 1308 in
814 1271 983 1309 tenebris
1017 1271 1206 1319 errabant,
1241 1271 1289 1308 ad
1323 1271 1491 1309 sonitum

143 1339 246 1372 notae
277 1333 393 1383 vocis,
425 1338 471 1371 ut
500 1334 662 1384 signum,
700 1333 728 1352 ²⁷
744 1333 907 1372 subinde
941 1339 1128 1371 coeuntes.
1198 1333 1491 1372 Exaudiebatur

144 1397 296 1434 tantum
329 1397 514 1447 strepitus
549 1396 793 1444 habenarum,
827 1396 966 1448 quibus
1004 1397 1092 1447 equi
1125 1410 1279 1434 currum
1310 1396 1490 1434 vehentes

143 1460 355 1498 identidem
386 1460 701 1498 verberabantur.
771 1460 870 1498 Haec
903 1459 984 1497 sola
1014 1460 1197 1510 fugientis
1230 1459 1492 1511 vestigia-ex-

143 1528 254 1574 cepta
273 1528 371 1561 sunt.
809 1524 811 1527 ’

223 1585 340 1624 XVI.
371 1587 432 1623 60.
463 1586 522 1623 At
541 1586 580 1623 in
600 1586 696 1623 laevo
718 1586 971 1624 Macedonum
999 1599 1126 1633 cornu,
1147 1585 1249 1637 quod
1269 1585 1488 1634 Parmenio,

145 1650 261 1698 (sicut
291 1650 379 1687 ante
400 1649 547 1687 dictum
578 1651 649 1699 est)
680 1649 871 1698 tuebatur,
902 1649 1039 1701 ¹longe
1070 1649 1147 1686 alia
1176 1649 1332 1687 fortunii
1350 1649 1488 1687 utrius-

143 1727 217 1764 que
236 1713 359 1764 partis
378 1726 438 1751 res
458 1713 674 1764 gerebatur.
733 1713 902 1751 Mazaeus
918 1726 1002 1750 eum
1022 1713 1127 1751 omni
1147 1725 1301 1750 suorum
1314 1713 1490 1763 equitatu

143 1777 387 1814 vehementer
424 1776 608 1820 invectus.
653 1776 816 1826 urgebat
854 1775 1108 1813 Macedonum
1139 1775 1228 1813 alas.
1295 1775 1489 1827 ²Jamque

143 1840 340 1877 abundans
370 1839 621 1877 multitudine
652 1839 772 1876 aciem
799 1839 1031 1877 circumvehi
1065 1844 1239 1889 coeperat,
1273 1839 1362 1876 cum
1396 1839 1489 1877 Par-

143 1903 268 1940 menio
297 1903 444 1954 equites
477 1902 658 1940 nunciare
689 1902 803 1951 jubet
837 1901 1074 1948 Alexandro,
1096 1902 1134 1939 in
1167 1915 1241 1953 (1110
1271 1901 1488 1940 discrimine

144 1966 216 2015 ipsi
237 1972 383 2014 essent3
413 1966 489 2003 nisi
518 1966 668 2003 mature
690 1965 969 2013 subveniretur,
988 1979 1063 2003 non
1093 1978 1203 2015 posse
1232 1965 1317 2003 sisti
1345 1966 1485 2017 fugam.

146 2029 237 2067 dam
259 2030 424 2066 multum
451 2030 525 2067 viae
553 2034 784 2080 praeeeperat
819 2029 918 2076 Rex,
940 2028 1139 2066 imminens
1168 2029 1396 2079 fugientium
1417 2035 1486 2067 101·-

142 2092 214 2143 gis,
253 2093 341 2129 011111
380 2106 402 2129 a
441 2092 692 2130 Parmenione
727 2092 850 2129 tristis
879 2092 1040 2129 nuncius
1068 2092 1181 2129 venit..
1239 2092 1486 2131 ³Refraeuarc

147 2168 264 2206 equos
294 2155 422 2204 jussit,
442 2155 507 2205 qui
527 2155 775 2204 vehebantur,
795 2169 1003 2206 agmenque
1037 2156 1209 2193 constitit
1226 2169 1232 2193 2
1262 2157 1273 2172 ⁴
1288 2156 1487 2194 frendente

143 2218 381 2265 Alexandro,
403 2219 498 2268 eripi
519 2218 591 2255 sibi
621 2219 818 2256 victoriam
839 2232 858 2256 c
879 2219 1064 2267 manibus,
1086 2225 1124 2255 et
1154 2219 1313 2256 Darium
1334 2219 1486 2257 felicius

142 2282 286 2332 sugere,
306 2283 422 2333 (11111111
457 2282 563 2333 sequi
584 2295 635 2319 se.
694 2281 859 2321 Interim
880 2281 927 2319 ad
959 2282 1146 2320 Mazaemn
1176 2283 1346 2333 superati
1366 2282 1486 2333 Regis

143 2345 244 2382 fama
275 2351 508 2396 pervenerat.
594 2345 732 2396 Itaque
765 2358 979 2396 qumiquam
1012 2346 1176 2384 validior
1207 2351 1300 2394 crat,
1331 2346 1482 2384 fortuna

141 2414 264 2446 tamen
299 2408 465 2459 partium
497 2408 668 2455 territus,
705 2408 889 2458 perculsis
921 2409 1136 2459 languidius*
1157 2409 1332 2446 instabat.
1392 2409 1480 2446 Par·
