1583 2680
102 158 173 194 198
559 166 750 196 QUINTI
782 165 968 191 cuna-11

97 262 214 300 altius
235 265 350 298 terrae
371 259 568 310 fastigium
587 259 599 276 ³
615 259 812 297 excedunt.
870 259 994 296 Plana
1013 263 1103 298 sunt
1122 263 1270 307 caetera,
1290 258 1434 297 multis·

96 339 169 377 que
201 325 356 376 inclytis
395 325 569 364 amnibus
600 324 798 363 ‘Caucaso
835 329 964 363 monte
1001 324 1109 373 ortis,
1140 323 1334 375 placidum
1369 335 1439 373 per

97 402 249 439 campos
285 389 360 426 iter
405 388 588 438 praebent.
665 387 788 426 Indus
825 388 991 439 gelidior
1029 392 1099 435 est,
1138 388 1256 438 quam
1295 385 1436 424 caetcri.

100 453 233 503 Aquas
271 451 378 490 vehit
415 465 438 488 a
474 451 599 489 colore
647 451 763 488 maris
811 450 915 488 haud
961 450 1128 488 multum
1179 450 1437 488 abhorrentes.

99 515 251 566 Ganges
285 515 406 552 amnis
437 514 484 552 ab
510 519 597 552 ortu
617 514 793 562 eximius,
815 514 864 551 ad
891 514 1142 552 meridianam
1161 513 1354 564 regionem
1375 511 1438 549 de-

99 579 229 626 currit,
269 583 308 616 ct
345 591 571 629 magnorum
607 577 795 615 montium
828 578 922 627 juga
958 581 1062 615 recto
1101 577 1209 614 alveo
1247 575 1438 626 ⁵stringit.

100 642 197 679 Inde
218 654 304 679 eum
324 641 484 691 objectae
503 653 617 691 rupes
638 640 824 677 inclinant
843 640 892 677 ad
915 639 1130 679 Orientem.
1174 639 1305 689 thue
1323 638 1442 675 rubro

99 704 194 742 mari
214 704 407 753 accipitur,
428 703 440 721 ⁶
454 703 601 740 findens
621 703 735 752 ripas,
754 702 898 740 multas
919 702 1074 740 arbores
1094 714 1181 739 cum
1207 702 1346 751 magna
1367 700 1442 738 soli

98 772 207 816 parte
227 766 416 804 cxsorbet.
475 766 587 803 Saxis
607 778 757 816 quoque
773 764 981 815 impeditus
1006 764 1140 802 crebro
1159 764 1440 802 reverberatur.

99 829 179 868 Ubi
229 829 383 866 mollius
434 828 557 865 solum
607 827 761 877 reperit,
801 832 965 877 stagnat,
1001 827 1220 878 insulasque
1269 826 1440 864 molitur.

101 892 286 930 Acesines
307 891 449 929 Indum
469 895 583 941 auget
600 903 607 928 :
639 890 888 928 decursurum
906 890 947 928 in
972 903 1076 928 mare
1096 890 1315 940 intercipit:
1343 902 1443 941 mag-

99 968 222 1006 noque
255 959 363 992 motu
396 954 517 991 amnis
549 958 711 1004 uterque
745 953 953 992 colliditur.
1011 952 1162 1004 Quippe
1195 965 1374 1003 asperum
1402 964 1445 990 os

101 1018 277 1056 influenti
310 1017 468 1067 objicit3
498 1029 567 1054 nec
595 1029 830 1067 repercussae
863 1029 971 1068 aquae
1004 1016 1155 1054 cedunt.
1220 1015 1444 1066 Dyardencs

100 1082 229 1119 minus
272 1081 422 1119 celeber
460 1080 595 1118 auditu
632 1084 701 1128 est,
740 1080 831 1131 quia
866 1093 935 1130 per
971 1079 1111 1117 ultima
1147 1079 1274 1117 Indiae
1309 1079 1442 1116 currit.

104 1145 301 1183 Caeterum
319 1157 395 1182 non
415 1143 625 1181 crocodilos
644 1143 769 1190 modo,
789 1143 849 1180 uti
870 1142 998 1191 Nilus,
1016 1142 1083 1180 sed
1103 1142 1218 1180 etiam
1233 1141 1445 1192 delphines,

102 1209 327 1259 ignotasque
362 1207 447 1244 aliis
475 1206 654 1258 gentibus
688 1205 836 1245 belluas
868 1205 947 1243 alit.
1017 1205 1269 1243 Erimanthus
1303 1205 1446 1243 crebris

101 1271 265 1309 flexibus
285 1269 449 1307 subinde
471 1273 652 1306 curvatus
673 1268 720 1306 ab
741 1268 880 1306 accolis
899 1268 1114 1319 rigantibus
1133 1268 1313 1318 carpitur.
1386 1267 1447 1305 Ea

103 1347 217 1371 causa
236 1338 306 1380 est,
328 1346 394 1370 cur
414 1337 549 1369 tenues
568 1331 751 1382 reliquias
776 1332 857 1381 jam
877 1331 958 1369 sine
981 1331 1132 1369 nominc
1161 1331 1201 1368 in
1219 1344 1322 1369 marc
1343 1331 1447 1369 emit-

103 1401 171 1434 tat.
229 1396 369 1434 Multis
396 1400 539 1446 praetcr
568 1395 637 1433 hos
658 1394 830 1432 amnibus
850 1399 932 1432 tota
950 1395 1054 1445 regio
1075 1394 1274 1443 dividitur,
1296 1395 1363 1432 sed
1393 1395 1447 1445 ig-

102 1459 306 1508 nobilibus,
328 1459 442 1510 ⁷quia
460 1471 536 1496 non
557 1457 651 1495 adeo
673 1458 909 1495 interfluunt.

183 1525 243 1560 520.
277 1522 467 1560 Caeterum
503 1534 589 1572 quae
620 1521 799 1571 propiora
844 1525 934 1558 sunt
965 1521 1073 1569 mari,
1104 1521 1316 1572 Aquilones
1346 1535 1447 1559 max-

104 1587 180 1624 ime
212 1586 385 1623 deurunt.
443 1584 495 1633 Ii,
529 1584 688 1622 cohibiti
720 1584 826 1635 jugis
853 1584 1051 1632 montium,
1082 1584 1131 1622 ad
1160 1585 1343 1622 interiora
1372 1597 1449 1623 non

104 1653 317 1700 penetrant,
339 1648 394 1685 ita
413 1647 560 1685 alendis
579 1647 756 1698 frugibus
775 1647 894 1685 mitia.
954 1647 1030 1686 Sed
1050 1647 1144 1686 adeo
1174 1648 1214 1685 in
1233 1648 1305 1686 illa
1333 1647 1449 1699 plaga

104 1713 268 1750 mundus
303 1716 424 1750 statas
454 1716 667 1761 temporum
696 1711 798 1748 vices
828 1715 965 1761 mutat,
992 1716 1037 1749 ut
1068 1712 1158 1749 cum
1191 1711 1266 1749 alia
1297 1711 1448 1750 fervore

106 1776 197 1813 solis
228 1779 454 1822 exaestuant,
490 1774 643 1812 Indiam
672 1774 780 1811 nives
813 1773 1001 1812 obruant:
1040 1775 1251 1825 rursusque
1278 1774 1346 1812 nbi
1379 1788 1447 1812 cte-

107 1846 190 1877 tera
225 1839 363 1890 rigent,
403 1837 483 1875 illic
519 1837 783 1874 intolerandus
820 1841 939 1874 :estus
977 1837 1151 1874 existat:
1194 1850 1263 1874 nec
1295 1838 1448 1887 aperuit

107 1917 147 1941 sc
185 1907 334 1940 naturae
380 1913 503 1938 causa.
591 1899 701 1937 Mare
738 1901 855 1947 certe,
904 1912 978 1950 quo
1025 1898 1196 1946 alluitur,
1238 1912 1285 1937 ne
1323 1900 1449 1938 colore

107 1966 262 2017 quidem
293 1965 474 2003 abhorret
505 1977 527 2001 a
555 1963 713 2001 caetcris
772 1962 837 2000 Ab
859 1962 1032 2012 Erythra
1054 1962 1161 2012 Rege
1193 1963 1357 2000 inditum
1391 1969 1451 2001 est

108 2043 256 2076 nomen,
282 2033 440 2079 propter
473 2027 575 2078 quod
609 2026 733 2078 ignari
766 2025 901 2063 rubere
935 2038 1051 2076 aquas
1083 2026 1257 2063 credunt.
1331 2026 1451 2064 Terra

110 2092 180 2129 lini
200 2093 325 2129 ferax:
357 2091 445 2128 inde
465 2090 658 2141 plerisque
680 2094 769 2127 sunt
789 2094 923 2126 vestes.
965 2089 976 2105 ⁵
993 2089 1102 2126 Libri
1123 2089 1301 2127 arborum
1318 2091 1451 2138 teneri,

109 2154 210 2192 haud
231 2155 342 2191 secus
362 2154 478 2204 quirin
498 2153 652 2200 charnu,
673 2152 890 2189 litterarum
921 2156 1030 2189 notas
1051 2152 1216 2202 capiunt.
1276 2153 1381 2190 Aves
1402 2153 1451 2190 ad

110 2217 337 2255 imitandum
358 2217 532 2255 humanm
554 2217 656 2255 vocis
677 2229 810 2253 sonum
828 2215 972 2253 dociles
995 2221 1083 2253 sunt.
1101 2229 1108 2253 :
1139 2215 1318 2254 animalia
1337 2215 1452 2254 inusi-

111 2287 191 2319 tata
210 2281 358 2319 caeteris
377 2280 569 2331 gentibus,
590 2279 664 2316 nisi
685 2279 842 2316 invecta.
902 2279 1047 2316 Eadem
1069 2285 1170 2317 terra
1190 2280 1450 2318 rhinocerotas

111 2345 192 2390 alit„
220 2346 321 2381 ‘'nou
340 2348 507 2394 generat.
568 2342 869 2391 lClephantmum
898 2344 1019 2391 major
1047 2348 1105 2380 est
1125 2343 1193 2390 vis,
1214 2357 1326 2394 quam
1354 2356 1450 2395 quos

112 2409 149 2445 in
172 2408 307 2446 Africa
327 2407 535 2453 don'iitant3
568 2411 605 2443 et
621 2405 765 2443 viribus
781 2406 1003 2455 magnitudo
1022 2406 1235 2456 respondet.
1294 2406 1447 2443 Aurum

112 2472 267 2510 flumina
286 2471 440 2519 vehunt,
461 2483 544 2522 quac
579 2469 653 2507 leni
685 2469 905 2520 modicoque
937 2469 1045 2520 lapsu
1078 2483 1211 2520 segnes
1238 2482 1354 2520 aquas
1385 2469 1449 2506 du-
