1583 2680
424 171 584 197 LIBER
622 171 688 196 1v.
728 168 839 194 CAP.
877 167 982 194 x1v.
1323 160 1369 197 71

27 265 196 316 objectis,
215 264 290 303 iter
309 264 349 302 in
367 264 531 315 patriam
550 267 588 302 et
605 266 763 314 penates
779 274 894 300 manu
913 274 994 300 esse
1012 260 1262 299 faciendum.⁷’
1309 261 1374 301 Sic

27 327 153 376 duces,
173 327 228 366 sic
247 326 412 378 proximi
430 327 600 365 militum
619 325 794 364 instincti
812 329 912 363 sunt.

105 394 165 430 55.
196 390 340 429 Darius
372 390 412 428 in
443 389 540 428 laevo
570 403 688 428 cornu
713 393 809 437 erat,
845 401 981 440 magno
1019 401 1175 426 suorum
1211 387 1370 438 agmine,

24 452 181 492 delectis
210 453 382 505 equitum
404 441 655 504 ‘peditumque
684 451 875 502 stipatus:
904 455 1256 502 contempseratque
1282 464 1370 501 pau-

23 516 179 554 citatem
210 516 355 566 hostis,
386 517 549 553 ⁷vanam
581 515 702 553 aciem
736 527 816 552 esse
845 513 1015 552 extensis
1047 513 1225 552 cornibus
1252 519 1368 551 ratus.

24 578 232 628 Caeterum,
262 579 362 617 sicut
392 592 507 617 curru
539 579 740 627 eminebat,
769 577 907 616 dextra
937 577 1112 628 laevaque
1141 576 1189 614 ad
1216 576 1369 614 circum-

21 642 206 680 stantium
251 642 401 694 agmina
445 641 574 680 oculos
619 653 827 692 manusque
872 640 1162 679 circumferens:
1209 639 1221 657 ⁸
1241 643 1262 662 “
1280 639 1369 677 Ter-

20 706 187 754 rarum,”
222 706 359 757 inquit,
398 708 525 756 “quas
558 706 570 723 ⁹
588 704 762 744 Oceanus
797 703 885 741 hinc
921 703 1046 752 alluit,
1083 703 1192 740 illinc
1228 702 1369 740 claudit

22 768 310 820 Hellespontus,
341 768 456 819 paulo
490 768 578 806 ante
611 767 767 816 domini,
793 768 872 817 jam
895 779 971 805 non
998 766 1044 804 de
1062 766 1197 818 gloria,
1226 767 1292 804 sed
1323 766 1369 803 dc

20 831 155 880 salute,
174 836 213 870 et
231 831 333 883 quod
363 831 481 869 saluti
510 830 743 882 praeponitis,
764 830 811 868 de
830 829 1007 868 libertate
1034 829 1279 881 pugnandum
1299 834 1366 867 cst.

22 894 99 932 Hic
119 895 201 932 dies
231 895 442 945 imperium,
461 907 535 946 quo
565 894 715 931 nullum
745 893 911 944 amplius
938 892 1037 931 vidit
1064 898 1170 940 aetas,
1189 898 1257 930 aut
1284 905 1367 930 con-

21 957 170 1006 stituet,
207 963 274 996 aut
308 958 422 996 finiet.
497 957 617 1008 Apud
653 956 859 995 Granicum
895 955 1053 994 minima
1089 956 1229 994 virium
1260 961 1368 1005 parte

19 1033 105 1058 cum
141 1021 250 1058 hoste
287 1021 526 1058 certavimus.
582 1019 634 1057 Iu
653 1019 788 1058 Cilicia
818 1019 940 1057 victos
978 1019 1093 1069 Syria
1128 1023 1279 1069 poterat
1306 1031 1367 1055 cx-

19 1083 155 1134 cipere.
190 1082 333 1135 Magna
349 1082 582 1120 munimenta
599 1082 709 1134 regni
729 1081 858 1133 Tigris
877 1087 992 1133 atque
1012 1081 1230 1132 Euphrates
1248 1086 1365 1119 erant.

20 1145 192 1184 Ventum
224 1152 283 1184 est
302 1147 358 1195 eo,
377 1145 478 1184 unde
498 1145 618 1196 pulsis
637 1157 684 1183 ne
715 1144 819 1196 fugae
836 1144 990 1196 quidem
1021 1144 1128 1182 locus
1155 1149 1224 1193 est,
1245 1145 1368 1182 omnia

20 1214 100 1247 tam
128 1210 278 1248 diutino
309 1209 410 1249 bello
437 1209 623 1247 exhausta
653 1213 740 1259 post
769 1213 921 1260 tergum
952 1212 1053 1246 sunt.
1110 1207 1200 1245 Non
1227 1207 1368 1245 incolas

19 1285 108 1311 suos
140 1273 267 1322 urbes,
285 1285 362 1311 non
394 1272 561 1310 cultores
590 1271 732 1310 habent
764 1275 888 1310 terrae.
946 1270 1136 1322 Conjuges
1153 1283 1301 1322 quoquc
1328 1276 1367 1308 ct

19 1335 134 1375 liberi
151 1341 364 1388 sequuntur
395 1336 493 1374 hanc
520 1335 660 1374 aciem:
690 1339 826 1386 parata
843 1334 1018 1373 hostibus
1037 1333 1178 1385 praeda,
1196 1333 1271 1371 nisi
1297 1347 1366 1384 pro

19 1399 226 1438 carissimis
262 1399 488 1452 pignoribus
520 1411 679 1450 corpora
707 1398 939 1449 opponimus.
1011 1399 1036 1417 ¹⁰
1050 1397 1164 1444 Quod
1197 1410 1366 1435 mearum

19 1462 96 1500 fuit
126 1463 305 1514 partium,
335 1463 556 1511 exercitum,
588 1475 701 1513 quem
731 1463 827 1512 pene
865 1461 1051 1499 immensa
1085 1461 1264 1511 planities
1300 1461 1367 1499 vix

19 1530 182 1575 caperet,
215 1525 439 1575 comparavi.
496 1525 641 1575 EquOS,
675 1536 780 1562 arma
808 1523 1013 1573 distribui;
1043 1527 1286 1571 commeatus,
1318 1536 1366 1561 ne

19 1593 140 1627 tantae
156 1588 396 1626 multitudini
428 1587 615 1635 deessent,
634 1586 811 1637 providi:
840 1586 978 1634 locum,
998 1587 1040 1623 in
1070 1599 1146 1637 quo
1176 1586 1276 1624 acics
1303 1600 1365 1624 ex-

19 1651 155 1702 plicari
172 1655 312 1702 posset,
332 1650 439 1702 elegi.
497 1649 648 1689 Caetera
665 1649 706 1686 in
722 1651 853 1687 vestra
879 1653 1071 1699 potestate
1089 1653 1201 1687 sunt:
1229 1649 1366 1687 audete

22 1713 135 1752 modo
178 1714 354 1753 vincere:
397 1713 660 1764 ¹¹famamque‚
694 1711 991 1750 infirmissimum
1027 1711 1209 1750 adversus
1246 1712 1365 1750 sortes

20 1777 123 1816 viros
158 1777 289 1826 telum,
325 1776 561 1815 contemnite.
636 1775 851 1813 Temeritas
888 1780 958 1823 est,
993 1788 1106 1826 quam
1138 1774 1261 1812 adhuc
1295 1787 1364 1825 pro

20 1841 165 1880 virtute
196 1841 406 1879 timuistis:
445 1853 532 1891 quae
563 1839 630 1878 ubi
664 1839 830 1890 primum
864 1838 1047 1889 impetum
1082 1838 1226 1886 effudit,
1260 1838 1364 1876 velut

19 1904 192 1956 quaedam
211 1904 402 1952 animalia,
424 1904 448 1922 ²²
460 1903 598 1942 emisso
618 1902 760 1950 aculeo,
780 1907 918 1952 torpet.
975 1901 1032 1940 Hi
1050 1903 1140 1939 vero
1159 1901 1283 1951 campi
1302 1901 1364 1939 dc-

20 1967 254 2017 prehendere
282 1967 528 2019 paucitatem,
564 1979 679 2017 quam
710 1965 858 2004 Ciliciae
894 1969 1042 2002 montes
1079 1963 1362 2003 absconderant.

23 2029 178 2069 Videtis
194 2030 347 2069 ordines
365 2042 482 2077 raros,
501 2041 643 2067 cornua
671 2032 836 2075 extenta,
854 2027 1018 2065 mediam
1035 2026 1155 2064 aciem
1171 2039 1306 2065 vanam
1323 2032 1362 2065 et

19 2091 256 2131 exhaustam.
327 2091 429 2130 Nam
460 2091 600 2139 ultimi,
631 2102 726 2141 quos
756 2089 896 2127 locavit
927 2088 1115 2137 adversos,
1152 2093 1260 2141 terga
1281 2090 1362 2139 jam

20 2155 216 2206 praebcnt:
245 2154 367 2193 obteri
395 2153 609 2192 mehercule
628 2165 811 2203 equorum
840 2151 996 2204 ungulis
1025 2157 1194 2203 possunt,
1213 2152 1361 2190 etiamsi

21 2217 78 2256 nil
95 2222 235 2268 praeter
263 2217 422 2255 falcatos
455 2228 590 2254 currus
609 2215 791 2253 emisero:
819 2219 860 2253 et
876 2215 980 2255 bello
997 2215 1211 2264 vicerimus,
1231 2216 1263 2253 si
1282 2215 1361 2253 vin·

21 2281 140 2319 cimus
175 2280 330 2331 praelio:
375 2293 464 2317 nam
500 2292 547 2317 ne
583 2278 663 2317 illis
697 2278 852 2330 quidem
888 2278 939 2316 ad
972 2279 1103 2330 fugam
1138 2279 1245 2317 locus
1290 2285 1358 2316 est.

24 2345 49 2362 ¹²
65 2344 170 2382 Hinc
201 2342 431 2393 Euphrates,
464 2341 570 2380 illinc
600 2341 728 2393 Tigris
758 2341 937 2393 prohibet
971 2341 1161 2380 inclusos:
1202 2348 1241 2379 et
1276 2355 1362 2392 qua>

21 2408 135 2446 antea
153 2419 221 2457 pro
240 2406 317 2444 inis
349 2409 469 2454 erant,
489 2405 530 2443 in
558 2405 791 2444 contrarium
808 2417 989 2443 conversa
1019 2409 1119 2443 sunt.
1176 2404 1361 2442 Nostrum

21 2469 160 2510 mobile
189 2474 228 2509 et
255 2469 475 2520 expeditum
504 2481 638 2520 agmen
663 2472 746 2518 est;
776 2467 874 2507 illud
891 2468 1022 2519 praeda
1049 2480 1173 2519 grave.
1230 2465 1360 2517 Impli-
