1583 2680
156 142 228 179 112
612 151 795 183 QU1Nr1
837 150 1021 175 custrix

149 244 225 283 nisi
257 244 409 284 saucius
428 243 587 282 revertit
618 244 658 281 in
691 247 824 280 castra.
899 242 995 280 Haec
1014 241 1178 280 victoria
1207 253 1282 279 non
1315 241 1489 291 Spartam

150 308 263 346 modo
296 308 492 358 sociosque
530 309 624 357 ejus,
658 307 725 344 scd
759 306 874 343 etiam
907 318 1036 343 omnes
1068 304 1135 356 qui
1171 305 1367 342 fortunam
1398 303 1491 342 belli

152 375 427 421 spectaverant,
459 371 586 420 fregit.
644 369 681 407 N
685 382 726 406 cc
755 369 915 406 fallebat
945 367 1209 417 Antipatrum,
1249 368 1272 385 ¹⁰
1288 366 1492 404 dissentire

151 435 198 473 ab
232 434 366 471 animis
399 432 674 484 gratulantium
707 432 864 470 vultus:
906 431 972 469 sed
1004 430 1148 469 bellum
1178 430 1285 468 finire
1314 429 1493 480 cupienti,

151 509 246 548 opus
267 501 348 534 erat
368 496 515 546 decipi3
546 500 584 533 et
614 508 829 546 quanquam
848 495 1002 533 fortuna
1031 507 1159 532 rerum
1186 493 1371 544 placebat,
1400 492 1492 530 in'vi-

153 561 255 598 diam
292 565 431 607 tamen,
470 559 561 610 quia
592 560 756 608 majores
789 571 850 595 res
884 563 1004 606 erant,
1032 557 1149 608 quam
1181 568 1275 607 quas
1309 554 1494 594 Praefccti

151 624 288 661 modus
327 626 488 672 caperet,
527 622 742 670 metuebat3
786 621 925 672 quippe
963 620 1187 658 Alexander
1223 620 1351 656 hostes
1389 617 1493 656 vinci

151 687 333 734 voluerat,
364 685 616 734 Antipatrum
648 684 785 721 vicisse
807 685 828 701 ¹¹
847 697 893 721 ne
921 683 1062 720 tacit-us
1091 683 1245 733 quidem
1273 680 1492 732 indignaba-

153 756 234 798 tur;
284 762 364 786 suae
401 748 597 796 demptum
634 747 767 797 glori-ce
811 746 1047 794 existimans,
1085 745 1268 796 quicquid
1315 745 1494 782 cessisset

153 812 298 849 alienae.
384 810 523 860 Itaque
557 809 768 858 Antipater
800 808 867 859 qui
896 808 1014 858 probe-
1047 810 1179 846 nosset
1209 807 1368 857 spiritus
1398 808 1492 856 ejus,

150 888 227 912 non
257 878 315 911 est
345 885 460 910 ausus
485 872 567 922 ipse
602 871 625 888 ¹²
640 884 751 922 agere
781 871 944 909 arbitria
970 870 1168 909 victoriae:
1197 870 1265 908 sed
1291 869 1493 907 concilium

153 938 387 984 Graecorum,
418 935 510 986 quid
540 934 623 971 fieri
652 934 831 984 placeret,
863 934 1065 972 consuluit.
1133 934 1173 971 A
1206 946 1280 984 quo
1316 932 1492 970 Lacedae-

151 1001 281 1049 monii,
300 999 396 1037 nihil
416 998 532 1047 aliud,
553 998 669 1048 quam
683 1001 728 1034 ut
747 1003 918 1034 oratores
939 997 988 1034 ad
1008 997 1156 1047 Regem
1175 997 1329 1034 mittere
1348 995 1492 1042 liceret,

153 1064 343 1114 Tegeatae,
381 1061 532 1100 veniam
569 1059 806 1107 defectionis,
853 1064 994 1109 praeter
1039 1064 1227 1107 auctores,
1267 1059 1493 1109 impetrave-

152 1131 253 1163 runt.
311 1122 658 1174 Megalopolitanis,
692 1135 853 1172 quorum
882 1121 976 1160 urbs
1007 1126 1091 1159 erat
1124 1122 1280 1159 obsessa
1316 1134 1338 1158 a
1372 1121 1494 1158 defee-

154 1189 271 1226 tionis
292 1187 418 1234 sociis,
440 1185 576 1223 Achaei
596 1189 635 1222 et
663 1185 751 1222 Elei
780 1189 932 1222 centum
950 1184 1091 1235 viginti
1117 1183 1262 1222 talenta
1281 1184 1370 1221 darc
1394 1184 1494 1233 jussi

154 1255 252 1289 sunt.
311 1249 390 1287 Hic
410 1248 488 1286 fuit
507 1248 633 1285 exitus
656 1247 758 1295 belli,
779 1247 881 1298 quod
901 1247 1058 1297 repente
1076 1251 1214 1294 ortum,
1235 1247 1346 1296 prius
1366 1250 1494 1284 tamen

153 1315 301 1352 finitum
321 1317 391 1360 est,
411 1313 527 1363 quam
547 1311 708 1348 Darium
727 1310 952 1348 Alexander
972 1310 1074 1360 apud
1093 1310 1240 1349 Arbela
1256 1315 1465 1360 superaret.

233 1377 290 1415 ΙΙ.
321 1378 354 1413 4.
387 1375 464 1414 Sed
491 1379 536 1412 ut
564 1374 728 1424 primum
756 1374 990 1411 instantibus
1020 1373 1121 1411 euris
1149 1373 1303 1411 laxatus
1331 1377 1390 1410 est
1419 1372 1493 1409 ani-

153 1453 249 1488 muS,
278 1439 504 1477 militarium
533 1451 660 1475 rerum
694 1437 810 1488 quam
839 1437 980 1488 quietis
1011 1437 1154 1487 otiique
1183 1436 1401 1486 patientior,
1432 1449 1494 1473 ex-

155 1508 287 1554 cepere
318 1516 404 1540 eum
428 1501 672 1552 voluptates:
704 1506 743 1538 et
773 1513 886 1551 quem
915 1514 1020 1537 arma
1047 1500 1256 1538 Persarum
1283 1512 1359 1536 non
1377 1499 1496 1550 frege-

154 1572 252 1614 rant,
283 1567 379 1605 vitia
407 1565 589 1603 vicerunt.
665 1564 945 1614 Intempestive
979 1563 1162 1612 convivia,
1194 1567 1233 1601 ct
1268 1562 1495 1613 perpotandi

154 1629 482 1681 pervigilandique
503 1629 661 1666 ¹insana
692 1627 864 1676 dulcedo,
895 1627 1052 1679 ludique
1083 1632 1121 1664 et
1139 1639 1273 1678 greges
1302 1626 1494 1677 pellicum,

155 1694 307 1731 ¹*omnia
342 1693 382 1730 in
420 1697 619 1730 externum
656 1692 763 1742 lapsa
790 1703 956 1729 morem:
1001 1704 1114 1742 quem
1146 1690 1350 1728 {emulatus
1386 1689 1495 1740 quasi

155 1758 339 1808 potiorem
359 1770 439 1805 suo,
460 1757 517 1793 ita
547 1755 787 1806 popularium
808 1756 953 1792 animos
984 1755 1188 1805 oculosque
1218 1754 1363 1804 pariter
1382 1754 1494 1791 offen-

156 1821 222 1871 dit,
241 1826 286 1857 ut
305 1834 326 1857 a
345 1819 535 1870 plerisque
555 1819 760 1856 amicorum
788 1831 856 1867 pro
886 1818 994 1855 hoste
1025 1817 1239 1855 haberetur.
1325 1817 1495 1854 Tenaces

155 1885 294 1935 quippe
326 1883 538 1933 disciplinae
569 1895 660 1929 suae,
681 1881 890 1932 solitosque
922 1894 1034 1931 parco
1066 1894 1107 1918 ac
1138 1880 1302 1931 parabili
1323 1881 1427 1918 victu
1447 1881 1494 1918 ad

158 1947 350 1997 implenda
375 1952 523 1984 naturae
553 1944 743 1983 desideria
763 1945 774 1963 ³
791 1945 956 1993 defungi⁷
975 1945 1012 1981 in
1042 1945 1243 1995 peregrina
1263 1950 1302 1982 et
1332 1944 1495 1982 devicta-

158 2025 239 2048 rum
268 2010 439 2060 gentium
471 2009 570 2046 mala
597 2008 810 2058 impulerat.
897 2008 1000 2045 Ilinc
1029 2008 1172 2057 saepius
1201 2013 1428 2058 comparatae
1457 2008 1495 2045 in

156 2079 268 2123 eaput
288 2075 369 2122 ejus
391 2073 552 2120 insidiae,
573 2072 734 2110 secessio
753 2071 930 2119 militum,
951 2078 989 2108 ct
1009 2071 1187 2109 *liberior
1216 2071 1316 2109 inter
1344 2077 1494 2110 mutuas

156 2136 329 2187 querelas
350 2136 479 2173 dolor:
509 2135 629 2185 ipsius
646 2135 784 2172 deiudev
805 2148 903 2171 nunc
926 2135 989 2181 ira,
1012 2147 1110 2171 nune
1131 2135 1378 2185 suspiciones,
1399 2149 1494 2186 quas

157 2199 347 2237 excitabat
367 2199 602 2236 inconsultus
622 2211 748 2249 pavor,
769 2204 979 2248 caeteraque
1001 2198 1059 2234 his
1080 2198 1229 2246 similia,
1251 2212 1336 2249 quae
1356 2198 1492 2236 deinde·

157 2264 341 2300 dicentur.
401 2261 528 2311 Igitur
548 2264 630 2299 cum
650 2261 928 2310 intempestivis
950 2261 1133 2298 conviviis
1154 2261 1234 2298 dies
1250 2262 1392 2311 pariter
1411 2275 1494 2299 noe-

158 2333 288 2377 tesque
319 2330 567 2372 consumeret,
590 2325 805 2361 satietatem
844 2325 1038 2374 epularum
1071 2325 1172 2362 ludis
1211 2318 1493 2376 interpellabat,

159 2403 230 2427 ‚non
264 2393 462 2426 contentus
495 2388 679 2424 artificum
709 2400 803 2438 quos
837 2402 855 2424 ο
891 2388 1042 2425 (harvia
1080 2389 1315 2426 excitaverat
1363 2388 1490 2426 turba.

159 2453 308 2503 Quippe
329 2451 488 2501 captivus
504 2451 736 2501 jubebantur
757 2465 823 2488 suo
846 2452 918 2488 ritu
950 2466 1082 2489 cancre
1113 2452 1345 2490 inconditum
1374 2456 1412 2489 et
1432 2451 1491 2489 ab·
