1583 2680
487 117 648 143 LIBER
689 117 732 142 v.
777 117 888 142 car.
929 117 1021 143 xil.
1337 107 1406 144 103

64 208 180 248 sint.‘'
261 209 359 249 Haec
390 209 626 262 agitantibus
660 209 872 248 Artabazus
905 209 1135 260 supervenit,
1173 210 1253 247 sive
1287 211 1408 262 Regis

71 275 194 323 jussu,
221 273 301 311 sive
329 276 399 311 sua
429 278 572 323 sponte,
593 273 779 311 affirmans
806 271 1023 324 mitigatum
1053 285 1134 310 esse
1167 272 1338 321 Darium,
1371 279 1408 311 et

66 336 238 374 eumdem
253 335 331 374 illis
350 336 528 374 amicitia:
547 335 708 387 gradum
725 339 856 386 patere
875 335 977 386 apud
995 335 1151 386 Regem.
1200 335 1270 373 Illi
1289 335 1407 386 lacry-

61 404 220 448 mantes,
239 412 338 436 nunc
368 412 530 451 purgare
563 411 615 447 se,
645 411 744 436 nune
771 398 1004 437 Artabazum
1034 411 1152 446 orare,
1182 403 1226 436 ut
1258 411 1408 436 causam

61 461 229 512 ipsorum
247 467 432 510 tueretur,
452 474 655 512 precesque
674 461 868 511 perferret.
892 466 897 468 ⁷
942 461 1006 500 Sic
1022 463 1177 511 peracta
1195 466 1317 510 nocte,
1337 462 1408 499 sub

61 524 158 562 lucis
187 530 285 573 ortu,
318 524 561 563 Nabarzanes
590 537 675 561 cum
703 523 919 561 Bactrianis
943 523 1130 562 militibus
1158 523 1199 561 in
1217 524 1407 562 vestibulo

64 588 244 626 Praetorii
262 587 406 636 aderat,
427 587 607 624 ⁶titu1um
626 586 804 625 solemnis
835 586 946 624 officii
975 586 1122 625 occulto
1151 587 1284 625 sceleri
1313 601 1407 638 prae-

60 650 196 689 ferens.
271 650 425 699 Darius,
453 650 558 701 signo
578 649 627 687 ad
645 649 809 687 eundum
828 648 928 698 dato,
948 662 1100 688 currum
1125 650 1287 702 pristino
1305 664 1408 688 more

60 713 289 751 conscendit.
373 712 616 751 Nabarzanes
648 712 847 763 caeterique
874 712 1085 762 parricidae,
1118 713 1408 764 procumbentes

60 775 177 824 humi,
196 790 307 828 quem¹
337 776 451 826 paulo
479 781 566 826 post
595 775 635 812 in
654 775 814 813 vinculis
833 775 1004 813 habituri
1031 781 1148 824 erant,
1168 777 1180 794 ⁷
1194 776 1408 814 sustinuere

60 840 250 892 venerari,
268 839 453 889 lacrymas
468 838 593 886 etiam,
606 837 839 888 poenitentiae
854 837 1010 886 indices,
1022 838 1289 889 profuderunt:
1310 839 1408 876 adeo

59 901 233 940 humanis
252 902 416 954 ingeniis
435 907 570 951 parata
587 901 781 939 simulatio
809 906 875 940 est.
959 902 971 919 ⁸
985 902 1126 940 Preces
1153 902 1303 950 deinde,
1323 915 1406 952 sup-

59 965 209 1015 pliciter
228 965 404 1013 admotae,
423 964 596 1012 Darium,
615 967 755 1001 natura
775 964 986 1015 simplicem
1004 970 1044 1003 et
1070 965 1212 1014 mitem,
1231 978 1307 1004 non
1333 978 1406 1003 cre-

59 1029 148 1066 dere
166 1028 278 1066 modo
295 1041 380 1078 quae
400 1026 646 1074 affirmabant,
668 1026 734 1064 sed
752 1027 867 1064 etiam
885 1028 974 1065 fiere
994 1033 1209 1078 coegerunt.
1282 1029 1343 1066 Ac
1360 1041 1406 1066 ne

58 1097 141 1129 tum
158 1090 309 1142 quidem
327 1089 487 1141 cogitati
516 1088 670 1127 sceleris
697 1089 889 1140 poenituit,
918 1091 1007 1127 cum
1037 1090 1286 1140 intuerentur,
1317 1105 1406 1143 qua-

59 1154 133 1192 lem
151 1159 190 1192 et
207 1154 353 1205 Regem
372 1158 410 1191 et
431 1153 556 1191 virum
574 1151 763 1191 fallerent.
846 1152 922 1190 Ille
940 1152 1093 1204 quidem
1110 1154 1122 1171 ⁹
1138 1166 1291 1192 securus
1310 1155 1406 1204 peri-

59 1217 137 1255 culi
167 1217 270 1269 quod
314 1217 492 1265 instabat,
523 1215 736 1254 Alexandri
780 1229 926 1265 manus,
968 1229 1060 1267 quas
1092 1216 1192 1255 solas
1236 1217 1405 1266 timebat,

58 1281 220 1332 effugere
238 1280 478 1331 properabat.

137 1343 214 1383 XI.
245 1346 306 1382 29.
336 1344 483 1382 Patron
513 1347 639 1381 autem
672 1342 893 1382 Graecorum
926 1343 1004 1381 dux
1031 1343 1213 1394 praecepit
1242 1343 1333 1392 suis,
1362 1349 1405 1381 ut

59 1421 163 1446 arma.
180 1421 265 1460 quae
282 1407 324 1445 in
343 1406 504 1445 sarcinis
531 1408 647 1444 antea
665 1406 885 1445 ferebantur
902 1406 1117 1456 induerent,
1135 1407 1185 1445 ad
1213 1420 1321 1446 omne
1340 1408 1403 1444 im-

57 1471 206 1521 perium
224 1484 332 1508 suum
350 1470 487 1520 parati,
506 1474 544 1507 et
562 1469 712 1507 intenti.
760 1469 849 1520 Ipse
868 1483 1020 1508 currum
1034 1470 1155 1522 Regis
1167 1471 1392 1522 sequebatur

62 1535 70 1551 ¹
83 1533 272 1571 occasioni
301 1533 504 1570 imminens
537 1532 754 1583 alloquendi
784 1545 893 1583 eum;
935 1533 1074 1584 quippe
1109 1533 1223 1572 Bessi
1257 1534 1404 1571 facinus

60 1600 324 1647 praesenserat.
395 1595 471 1634 Sed
491 1595 636 1633 Bessus
665 1595 707 1632 id
738 1595 863 1645 ipsum
894 1601 1080 1644 metuens,
1114 1601 1241 1634 custos
1273 1598 1405 1635 veritis

58 1661 171 1712 quam
191 1672 326 1708 comes,
346 1672 369 1696 a
387 1671 503 1697 curru
519 1672 596 1697 non
614 1658 824 1697 recedebat.
881 1658 962 1696 Dici
982 1660 1072 1710 ergo
1093 1659 1238 1698 Patron
1255 1666 1404 1698 cuncta·

58 1729 132 1772 tus,
163 1735 206 1760 ac
234 1722 403 1773 ²saepius
435 1735 605 1760 sermone
641 1726 828 1770 revocat0‚
859 1722 960 1760 inter
1004 1722 1113 1760 fidem
1157 1723 1404 1775 timoremque

57 1787 250 1835 haesitans,
271 1786 420 1837 Regem
437 1785 670 1824 intuebatur.
746 1783 823 1830 Qui
841 1790 888 1823 ut
906 1785 1060 1823 tandem
1079 1785 1244 1824 advertit
1261 1787 1403 1836 oculos,

57 1850 253 1888 Bubaeem
271 1849 476 1900 spadonem
491 1849 592 1887 inter
609 1849 800 1899 proximos
818 1861 970 1887 currum
985 1854 1204 1901 sequentem
1230 1863 1402 1900 percunc-

58 1913 133 1952 tari
150 1913 273 1964 jubet,
291 1926 384 1950 num
401 1911 494 1964 quid
511 1912 587 1963 ipsi
617 1912 714 1951 velit
744 1912 896 1951 dicere?
982 1913 1128 1951 Patron
1157 1926 1196 1951 se
1215 1915 1316 1963 vcro,
1337 1914 1403 1952 sed

58 1978 213 2015 remotis
231 1976 399 2025 arbitris,
418 1976 522 2028 loqui
539 1976 639 2015 velle
657 1990 742 2014 cum
762 1989 806 2014 eo
825 1977 1030 2027 respondit.
1088 1977 1304 2029 «Iussusque
1318 1991 1402 2028 pro-

58 2040 144 2090 piixs
162 2040 348 2089 accedere,
368 2040 449 2078 sine
469 2040 678 2090 interprete
710 2040 818 2090 (nam
837 2040 939 2078 haud
963 2040 1070 2078 rudis
1090 2039 1234 2080 Graeeae
1260 2041 1400 2092 linguae

59 2102 199 2141 Darius
217 2105 328 2154 erat),
357 2105 379 2124 “
395 2102 520 2151 Rex,”
538 2103 676 2154 inquit,
713 2106 736 2125 “
755 2116 803 2141 ex
820 2103 1096 2155 quinquaginta
1108 2104 1278 2143 millibus
1298 2103 1402 2143 Grae·

57 2178 183 2203 corum
215 2177 457 2215 supersumus
487 2167 610 2216 pauci,
629 2179 758 2204 omnes
787 2166 950 2205 fortunae
979 2171 1057 2205 tuae
1085 2167 1267 2206 comites:
1297 2172 1336 2205 et
1363 2167 1402 2204 in

58 2228 127 2265 hoc
147 2234 215 2265 tuo
234 2232 336 2264 statu
354 2227 481 2276 iidem,
499 2229 565 2280 qui
591 2229 745 2267 florente
773 2234 811 2267 tc
838 2230 990 2278 suimus,
1017 2243 1266 2281 quascumque
1294 2230 1401 2267 sedes

58 2290 231 2342 elegeriS,
251 2303 317 2339 pro
345 2290 472 2340 patria
500 2296 540 2329 et
568 2291 785 2330 domesticis
810 2293 922 2331 rebus
951 2293 1123 2343 petituri.
1222 2292 1401 2331 Secundae

57 2354 297 2404 adversaeque
317 2365 378 2391 res
398 2357 475 2391 tuae
501 2355 726 2404 copulavere
753 2368 823 2394 nos
851 2361 986 2394 tecum.
1071 2356 1147 2393 Per
1175 2355 1270 2391 hanc
1289 2354 1398 2392 fidem

57 2417 234 2456 invictam
255 2429 320 2454 oro
350 2421 390 2454 ct
418 2416 598 2465 obtestor,
619 2417 657 2454 in
687 2418 828 2456 nostris
857 2419 993 2456 castris
1021 2419 1091 2455 tibi
1119 2417 1398 2454 tabernaculum
