<?xml version="1.0" encoding="UTF-8"?>
<!DOCTYPE html PUBLIC "-//W3C//DTD XHTML 1.0 Transitional//EN"
    "http://www.w3.org/TR/xhtml1/DTD/xhtml1-transitional.dtd">
<html xmlns="http://www.w3.org/1999/xhtml" xml:lang="en" lang="en">
 <head>
  <title>
</title>
<meta http-equiv="Content-Type" content="text/html;charset=utf-8" />
  <meta name='ocr-system' content='tesseract 3.04.00' />
  <meta name='ocr-capabilities' content='ocr_page ocr_carea ocr_par ocr_line ocrx_word'/>
</head>
<body>
  <div class='ocr_page' id='page_1' title='image "./lifeexploitsofal00curtuoft_0043.png"; bbox 0 0 1583 2680; ppageno 0'>
   <div class='ocr_carea' id='block_1_1' title="bbox 531 116 1444 152">
    <p class='ocr_par' dir='ltr' id='par_1_1' title="bbox 531 116 1444 152">
     <span class='ocr_line' id='line_1_1' title="bbox 531 116 1444 152; baseline 0.002 -2"><span class='ocrx_word' id='word_1_1' title='bbox 531 126 692 151; x_wconf 61' lang='lat' dir='ltr'>:ABER</span> <span class='ocrx_word' id='word_1_2' title='bbox 731 125 792 150; x_wconf 80' lang='grc' dir='ltr'>ιν.</span> <span class='ocrx_word' id='word_1_3' title='bbox 835 126 946 150; x_wconf 60' lang='lat' dir='ltr'>cur.</span> <span class='ocrx_word' id='word_1_4' title='bbox 992 126 1020 151; x_wconf 94' lang='lat'>1.</span> <span class='ocrx_word' id='word_1_5' title='bbox 1396 116 1444 152; x_wconf 89' lang='lat'>33</span> 
     </span>
    </p>
   </div>
   <div class='ocr_carea' id='block_1_2' title="bbox 107 217 1482 2463">
    <p class='ocr_par' dir='ltr' id='par_1_2' title="bbox 108 217 1447 1396">
     <span class='ocr_line' id='line_1_2' title="bbox 115 217 1444 267; baseline -0.001 -13"><span class='ocrx_word' id='word_1_6' title='bbox 115 217 322 265; x_wconf 78' lang='lat' dir='ltr'><strong>contendit,</strong></span> <span class='ocrx_word' id='word_1_7' title='bbox 357 217 397 254; x_wconf 87' lang='lat' dir='ltr'>id</span> <span class='ocrx_word' id='word_1_8' title='bbox 434 217 584 254; x_wconf 86' lang='lat' dir='ltr'>demum</span> <span class='ocrx_word' id='word_1_9' title='bbox 621 217 778 255; x_wconf 89' lang='lat' dir='ltr'>eredens</span> <span class='ocrx_word' id='word_1_10' title='bbox 813 217 917 255; x_wconf 76' lang='lat' dir='ltr'>³forc</span> <span class='ocrx_word' id='word_1_11' title='bbox 950 217 1082 267; x_wconf 88' lang='lat' dir='ltr'>ipsius,</span> <span class='ocrx_word' id='word_1_12' title='bbox 1114 217 1216 267; x_wconf 87' lang='lat' dir='ltr'>quod</span> <span class='ocrx_word' id='word_1_13' title='bbox 1253 217 1444 254; x_wconf 82' lang='lat' dir='ltr'>eeleritate</span> 
     </span>
     <span class='ocr_line' id='line_1_3' title="bbox 112 279 1444 330; baseline -0.002 -13"><span class='ocrx_word' id='word_1_14' title='bbox 112 280 316 330; x_wconf 87' lang='lat' dir='ltr'>praeripere</span> <span class='ocrx_word' id='word_1_15' title='bbox 335 280 533 330; x_wconf 89' lang='lat' dir='ltr'>potuisset.</span> <span class='ocrx_word' id='word_1_16' title='bbox 593 280 651 317; x_wconf 88' lang='lat' dir='ltr'>At</span> <span class='ocrx_word' id='word_1_17' title='bbox 670 280 891 318; x_wconf 81' lang='lat' dir='ltr'>Alexander</span> <span class='ocrx_word' id='word_1_18' title='bbox 911 279 1214 326; x_wconf 85' lang='lat' dir='ltr'>Parmenionem,</span> <span class='ocrx_word' id='word_1_19' title='bbox 1230 279 1240 296; x_wconf 84' lang='lat'>⁴</span> <span class='ocrx_word' id='word_1_20' title='bbox 1253 293 1320 329; x_wconf 82' lang='lat' dir='ltr'>per</span> <span class='ocrx_word' id='word_1_21' title='bbox 1334 293 1444 329; x_wconf 80' lang='lat' dir='ltr'>quem</span> 
     </span>
     <span class='ocr_line' id='line_1_4' title="bbox 113 342 1445 393; baseline -0.002 -13"><span class='ocrx_word' id='word_1_22' title='bbox 113 343 214 392; x_wconf 88' lang='lat' dir='ltr'>apud</span> <span class='ocrx_word' id='word_1_23' title='bbox 244 342 473 380; x_wconf 86' lang='lat' dir='ltr'>Damascum</span> <span class='ocrx_word' id='word_1_24' title='bbox 503 347 655 393; x_wconf 87' lang='lat' dir='ltr'>recepta</span> <span class='ocrx_word' id='word_1_25' title='bbox 684 347 765 380; x_wconf 86' lang='lat' dir='ltr'>erat</span> <span class='ocrx_word' id='word_1_26' title='bbox 794 342 936 392; x_wconf 63' lang='lat' dir='ltr'>paeda,</span> <span class='ocrx_word' id='word_1_27' title='bbox 962 343 1113 392; x_wconf 89' lang='lat' dir='ltr'>jussum</span> <span class='ocrx_word' id='word_1_28' title='bbox 1143 355 1225 379; x_wconf 88' lang='lat' dir='ltr'>eam</span> <span class='ocrx_word' id='word_1_29' title='bbox 1255 342 1386 391; x_wconf 85' lang='lat' dir='ltr'>ipsam,</span> <span class='ocrx_word' id='word_1_30' title='bbox 1408 347 1445 378; x_wconf 86' lang='lat' dir='ltr'>et</span> 
     </span>
     <span class='ocr_line' id='line_1_5' title="bbox 112 404 1443 456; baseline -0.002 -13"><span class='ocrx_word' id='word_1_31' title='bbox 112 405 284 455; x_wconf 87' lang='lat' dir='ltr'>captivos</span> <span class='ocrx_word' id='word_1_32' title='bbox 304 406 480 456; x_wconf 84' lang='lat' dir='ltr'>diligenti</span> <span class='ocrx_word' id='word_1_33' title='bbox 510 419 703 443; x_wconf 77' lang='lat' dir='ltr'><strong>asservare</strong></span> <span class='ocrx_word' id='word_1_34' title='bbox 729 406 917 455; x_wconf 74' lang='lat' dir='ltr'>custodia,</span> <span class='ocrx_word' id='word_1_35' title='bbox 937 405 1071 455; x_wconf 87' lang='lat' dir='ltr'>Syriae,</span> <span class='ocrx_word' id='word_1_36' title='bbox 1091 418 1205 455; x_wconf 87' lang='lat' dir='ltr'>quam</span> <span class='ocrx_word' id='word_1_37' title='bbox 1236 404 1365 442; x_wconf 83' lang='lat' dir='ltr'>Coelen</span> <span class='ocrx_word' id='word_1_38' title='bbox 1387 418 1443 440; x_wconf 73' lang='lat' dir='ltr'>vo-</span> 
     </span>
     <span class='ocr_line' id='line_1_6' title="bbox 111 467 1442 519; baseline -0.002 -14"><span class='ocrx_word' id='word_1_39' title='bbox 111 473 208 518; x_wconf 82' lang='lat' dir='ltr'>cant,</span> <span class='ocrx_word' id='word_1_40' title='bbox 227 469 408 518; x_wconf 80' lang='lat' dir='ltr'>praefecit.</span> <span class='ocrx_word' id='word_1_41' title='bbox 468 468 505 506; x_wconf 91' lang='lat' dir='ltr'>N</span> <span class='ocrx_word' id='word_1_42' title='bbox 509 482 621 507; x_wconf 72' lang='lat' dir='ltr'>ovum</span> <span class='ocrx_word' id='word_1_43' title='bbox 640 469 841 519; x_wconf 88' lang='lat' dir='ltr'>imperium</span> <span class='ocrx_word' id='word_1_44' title='bbox 861 469 960 518; x_wconf 81' lang='lat' dir='ltr'>Syri,</span> <span class='ocrx_word' id='word_1_45' title='bbox 975 468 1143 506; x_wconf 90' lang='lat' dir='ltr'>nondum</span> <span class='ocrx_word' id='word_1_46' title='bbox 1161 467 1442 519; x_wconf 44' lang='lat' dir='ltr'>belli-cladibus</span> 
     </span>
     <span class='ocr_line' id='line_1_7' title="bbox 111 530 1445 582; baseline -0.001 -14"><span class='ocrx_word' id='word_1_47' title='bbox 111 531 205 568; x_wconf 89' lang='lat' dir='ltr'>satis</span> <span class='ocrx_word' id='word_1_48' title='bbox 225 531 371 579; x_wconf 89' lang='lat' dir='ltr'>domiti,</span> <span class='ocrx_word' id='word_1_49' title='bbox 391 532 715 582; x_wconf 78' lang='lat' dir='ltr'>aspernabantur:</span> <span class='ocrx_word' id='word_1_50' title='bbox 746 532 814 570; x_wconf 89' lang='lat' dir='ltr'>sed</span> <span class='ocrx_word' id='word_1_51' title='bbox 842 532 1018 569; x_wconf 81' lang='lat' dir='ltr'>celeriter</span> <span class='ocrx_word' id='word_1_52' title='bbox 1046 531 1205 579; x_wconf 72' lang='lat' dir='ltr'>subacti,</span> <span class='ocrx_word' id='word_1_53' title='bbox 1226 530 1445 569; x_wconf 76' lang='lat' dir='ltr'>obedienter</span> 
     </span>
     <span class='ocr_line' id='line_1_8' title="bbox 110 593 1441 645; baseline -0.002 -15"><span class='ocrx_word' id='word_1_54' title='bbox 110 593 322 644; x_wconf 68' lang='lat' dir='ltr'>‘imperata</span> <span class='ocrx_word' id='word_1_55' title='bbox 358 595 541 632; x_wconf 84' lang='lat' dir='ltr'>fecerunt.</span> <span class='ocrx_word' id='word_1_56' title='bbox 598 594 756 632; x_wconf 86' lang='lat' dir='ltr'>Aradus</span> <span class='ocrx_word' id='word_1_57' title='bbox 792 606 942 645; x_wconf 90' lang='lat' dir='ltr'>quoque</span> <span class='ocrx_word' id='word_1_58' title='bbox 978 593 1104 631; x_wconf 84' lang='lat' dir='ltr'>insula</span> <span class='ocrx_word' id='word_1_59' title='bbox 1140 593 1294 630; x_wconf 87' lang='lat' dir='ltr'>deditur</span> <span class='ocrx_word' id='word_1_60' title='bbox 1332 593 1441 642; x_wconf 74' lang='lat' dir='ltr'>Regi.</span> 
     </span>
     <span class='ocr_line' id='line_1_9' title="bbox 112 655 1443 708; baseline -0.001 -15"><span class='ocrx_word' id='word_1_61' title='bbox 112 655 348 694; x_wconf 84' lang='lat' dir='ltr'>Maritimam</span> <span class='ocrx_word' id='word_1_62' title='bbox 368 661 494 694; x_wconf 87' lang='lat' dir='ltr'>tamen</span> <span class='ocrx_word' id='word_1_63' title='bbox 514 670 630 705; x_wconf 87' lang='lat' dir='ltr'>oram,</span> <span class='ocrx_word' id='word_1_64' title='bbox 652 662 691 694; x_wconf 90' lang='lat' dir='ltr'>et</span> <span class='ocrx_word' id='word_1_65' title='bbox 709 657 888 708; x_wconf 89' lang='lat' dir='ltr'>pleraque</span> <span class='ocrx_word' id='word_1_66' title='bbox 916 656 1071 707; x_wconf 74' lang='lat' dir='ltr'>longius</span> <span class='ocrx_word' id='word_1_67' title='bbox 1101 656 1216 694; x_wconf 90' lang='lat' dir='ltr'>etiam</span> <span class='ocrx_word' id='word_1_68' title='bbox 1236 669 1257 693; x_wconf 89' lang='lat' dir='ltr'>a</span> <span class='ocrx_word' id='word_1_69' title='bbox 1276 656 1372 693; x_wconf 88' lang='lat' dir='ltr'>mari</span> <span class='ocrx_word' id='word_1_70' title='bbox 1391 668 1443 692; x_wconf 90' lang='lat' dir='ltr'>rc-</span> 
     </span>
     <span class='ocr_line' id='line_1_10' title="bbox 111 718 1444 771; baseline -0.002 -15"><span class='ocrx_word' id='word_1_71' title='bbox 111 718 295 767; x_wconf 81' lang='lat' dir='ltr'>cedentia,</span> <span class='ocrx_word' id='word_1_72' title='bbox 325 719 414 757; x_wconf 87' lang='lat' dir='ltr'>Rex</span> <span class='ocrx_word' id='word_1_73' title='bbox 445 721 528 769; x_wconf 79' lang='lat' dir='ltr'>ejus</span> <span class='ocrx_word' id='word_1_74' title='bbox 562 720 698 758; x_wconf 84' lang='lat' dir='ltr'>insulae</span> <span class='ocrx_word' id='word_1_75' title='bbox 732 720 859 758; x_wconf 86' lang='lat' dir='ltr'>Strato</span> <span class='ocrx_word' id='word_1_76' title='bbox 889 720 1132 770; x_wconf 80' lang='lat' dir='ltr'>possidebat:</span> <span class='ocrx_word' id='word_1_77' title='bbox 1160 732 1235 771; x_wconf 91' lang='lat' dir='ltr'>quo</span> <span class='ocrx_word' id='word_1_78' title='bbox 1266 719 1304 756; x_wconf 92' lang='lat' dir='ltr'>in</span> <span class='ocrx_word' id='word_1_79' title='bbox 1334 719 1444 755; x_wconf 84' lang='lat' dir='ltr'>fidem</span> 
     </span>
     <span class='ocr_line' id='line_1_11' title="bbox 111 781 1447 831; baseline -0.001 -13"><span class='ocrx_word' id='word_1_80' title='bbox 111 786 276 831; x_wconf 89' lang='lat' dir='ltr'>accepto,</span> <span class='ocrx_word' id='word_1_81' title='bbox 297 787 422 819; x_wconf 83' lang='lat' dir='ltr'>eastra</span> <span class='ocrx_word' id='word_1_82' title='bbox 451 783 571 820; x_wconf 87' lang='lat' dir='ltr'>movit</span> <span class='ocrx_word' id='word_1_83' title='bbox 591 783 638 820; x_wconf 90' lang='lat' dir='ltr'>ad</span> <span class='ocrx_word' id='word_1_84' title='bbox 658 783 791 821; x_wconf 88' lang='lat' dir='ltr'>urbem</span> <span class='ocrx_word' id='word_1_85' title='bbox 825 782 1040 820; x_wconf 82' lang='lat' dir='ltr'>Marathon.</span> <span class='ocrx_word' id='word_1_86' title='bbox 1098 782 1161 820; x_wconf 86' lang='lat' dir='ltr'>Ibi</span> <span class='ocrx_word' id='word_1_87' title='bbox 1181 782 1239 819; x_wconf 90' lang='lat' dir='ltr'>illi</span> <span class='ocrx_word' id='word_1_88' title='bbox 1264 781 1403 819; x_wconf 77' lang='lat' dir='ltr'>litterae</span> <span class='ocrx_word' id='word_1_89' title='bbox 1425 795 1447 817; x_wconf 91' lang='lat' dir='ltr'>a</span> 
     </span>
     <span class='ocr_line' id='line_1_12' title="bbox 113 843 1446 896; baseline 0 -16"><span class='ocrx_word' id='word_1_90' title='bbox 113 843 232 881; x_wconf 89' lang='lat' dir='ltr'>Dario</span> <span class='ocrx_word' id='word_1_91' title='bbox 269 844 505 882; x_wconf 86' lang='lat' dir='ltr'>redduntur:</span> <span class='ocrx_word' id='word_1_92' title='bbox 544 845 695 896; x_wconf 87' lang='lat' dir='ltr'>quibus,</span> <span class='ocrx_word' id='word_1_93' title='bbox 733 851 777 882; x_wconf 89' lang='lat' dir='ltr'>ut</span> <span class='ocrx_word' id='word_1_94' title='bbox 813 846 973 895; x_wconf 74' lang='lat' dir='ltr'>superbe</span> <span class='ocrx_word' id='word_1_95' title='bbox 1011 845 1176 895; x_wconf 86' lang='lat' dir='ltr'>seriptis,</span> <span class='ocrx_word' id='word_1_96' title='bbox 1204 845 1446 883; x_wconf 80' lang='lat' dir='ltr'>vehementer</span> 
     </span>
     <span class='ocr_line' id='line_1_13' title="bbox 113 906 1446 959; baseline 0 -16"><span class='ocrx_word' id='word_1_97' title='bbox 113 906 278 944; x_wconf 87' lang='lat' dir='ltr'>offensus</span> <span class='ocrx_word' id='word_1_98' title='bbox 299 912 367 944; x_wconf 88' lang='lat' dir='ltr'>est.</span> <span class='ocrx_word' id='word_1_99' title='bbox 426 908 438 926; x_wconf 81' lang='lat'><strong>⁶</strong></span> <span class='ocrx_word' id='word_1_100' title='bbox 452 907 653 958; x_wconf 76' lang='lat' dir='ltr'>Praecipue</span> <span class='ocrx_word' id='word_1_101' title='bbox 675 921 760 945; x_wconf 90' lang='lat' dir='ltr'>eum</span> <span class='ocrx_word' id='word_1_102' title='bbox 788 908 919 955; x_wconf 80' lang='lat' dir='ltr'>movit,</span> <span class='ocrx_word' id='word_1_103' title='bbox 939 908 1042 959; x_wconf 77' lang='lat' dir='ltr'>quod</span> <span class='ocrx_word' id='word_1_104' title='bbox 1062 907 1202 945; x_wconf 88' lang='lat' dir='ltr'>Darius</span> <span class='ocrx_word' id='word_1_105' title='bbox 1232 907 1306 945; x_wconf 89' lang='lat' dir='ltr'>sibi</span> <span class='ocrx_word' id='word_1_106' title='bbox 1326 907 1446 956; x_wconf 84' lang='lat' dir='ltr'>Regis</span> 
     </span>
     <span class='ocr_line' id='line_1_14' title="bbox 111 969 1445 1020; baseline 0 -14"><span class='ocrx_word' id='word_1_107' title='bbox 111 969 268 1006; x_wconf 85' lang='lat' dir='ltr'>titulum</span> <span class='ocrx_word' id='word_1_108' title='bbox 299 982 368 1007; x_wconf 90' lang='lat' dir='ltr'>nec</span> <span class='ocrx_word' id='word_1_109' title='bbox 396 970 572 1007; x_wconf 90' lang='lat' dir='ltr'>eumdem</span> <span class='ocrx_word' id='word_1_110' title='bbox 591 971 806 1008; x_wconf 83' lang='lat' dir='ltr'>Alexandri</span> <span class='ocrx_word' id='word_1_111' title='bbox 835 971 979 1008; x_wconf 88' lang='lat' dir='ltr'>nomini</span> <span class='ocrx_word' id='word_1_112' title='bbox 1010 970 1274 1020; x_wconf 87' lang='lat' dir='ltr'>adseripserat.</span> <span class='ocrx_word' id='word_1_113' title='bbox 1330 969 1445 1007; x_wconf 83' lang='lat' dir='ltr'>⁷Pos-</span> 
     </span>
     <span class='ocr_line' id='line_1_15' title="bbox 113 1031 1445 1083; baseline 0 -15"><span class='ocrx_word' id='word_1_114' title='bbox 113 1031 260 1069; x_wconf 74' lang='lat' dir='ltr'>tulabat</span> <span class='ocrx_word' id='word_1_115' title='bbox 284 1036 413 1069; x_wconf 89' lang='lat' dir='ltr'>autem</span> <span class='ocrx_word' id='word_1_116' title='bbox 425 1032 556 1082; x_wconf 84' lang='lat' dir='ltr'>magis,</span> <span class='ocrx_word' id='word_1_117' title='bbox 571 1033 684 1082; x_wconf 74' lang='lat' dir='ltr'>quam</span> <span class='ocrx_word' id='word_1_118' title='bbox 698 1033 864 1082; x_wconf 85' lang='lat' dir='ltr'>petebat,</span> <span class='ocrx_word' id='word_1_119' title='bbox 885 1038 929 1070; x_wconf 85' lang='lat' dir='ltr'>ut</span> <span class='ocrx_word' id='word_1_120' title='bbox 948 1035 1102 1083; x_wconf 72' lang='lat' dir='ltr'>accepta</span> <span class='ocrx_word' id='word_1_121' title='bbox 1115 1033 1288 1083; x_wconf 73' lang='lat' dir='ltr'>pecunia,</span> <span class='ocrx_word' id='word_1_122' title='bbox 1309 1032 1445 1083; x_wconf 72' lang='lat' dir='ltr'>‘&#39;quau-</span> 
     </span>
     <span class='ocr_line' id='line_1_16' title="bbox 113 1094 1444 1145; baseline 0.001 -15"><span class='ocrx_word' id='word_1_123' title='bbox 113 1099 352 1145; x_wconf 81' lang='lat' dir='ltr'>tamcumque</span> <span class='ocrx_word' id='word_1_124' title='bbox 385 1099 468 1132; x_wconf 80' lang='lat' dir='ltr'>tota.</span> <span class='ocrx_word' id='word_1_125' title='bbox 495 1094 721 1132; x_wconf 88' lang='lat' dir='ltr'>Macedonia</span> <span class='ocrx_word' id='word_1_126' title='bbox 748 1100 912 1145; x_wconf 87' lang='lat' dir='ltr'>caperet,</span> <span class='ocrx_word' id='word_1_127' title='bbox 942 1100 1101 1133; x_wconf 89' lang='lat' dir='ltr'>matrem</span> <span class='ocrx_word' id='word_1_128' title='bbox 1138 1095 1223 1143; x_wconf 85' lang='lat' dir='ltr'>sibi,</span> <span class='ocrx_word' id='word_1_129' title='bbox 1244 1109 1286 1132; x_wconf 88' lang='lat' dir='ltr'>ae</span> <span class='ocrx_word' id='word_1_130' title='bbox 1319 1096 1444 1144; x_wconf 89' lang='lat' dir='ltr'>conju-</span> 
     </span>
     <span class='ocr_line' id='line_1_17' title="bbox 108 1155 1444 1209; baseline 0 -16"><span class='ocrx_word' id='word_1_131' title='bbox 108 1169 204 1206; x_wconf 85' lang='lat' dir='ltr'>gem,</span> <span class='ocrx_word' id='word_1_132' title='bbox 219 1155 432 1208; x_wconf 68' lang='lat' dir='ltr'>liberosque</span> <span class='ocrx_word' id='word_1_133' title='bbox 450 1157 684 1195; x_wconf 86' lang='lat' dir='ltr'>restitueret.</span> <span class='ocrx_word' id='word_1_134' title='bbox 743 1157 801 1195; x_wconf 91' lang='lat' dir='ltr'>De</span> <span class='ocrx_word' id='word_1_135' title='bbox 816 1171 945 1209; x_wconf 83' lang='lat' dir='ltr'>regno,</span> <span class='ocrx_word' id='word_1_136' title='bbox 964 1158 976 1175; x_wconf 84' lang='lat'>⁹</span> <span class='ocrx_word' id='word_1_137' title='bbox 988 1170 1108 1209; x_wconf 83' lang='lat' dir='ltr'>aequo,</span> <span class='ocrx_word' id='word_1_138' title='bbox 1126 1157 1158 1195; x_wconf 90' lang='lat' dir='ltr'>si</span> <span class='ocrx_word' id='word_1_139' title='bbox 1172 1157 1299 1204; x_wconf 73' lang='lat' dir='ltr'>vellet,</span> <span class='ocrx_word' id='word_1_140' title='bbox 1318 1157 1444 1194; x_wconf 81' lang='lat' dir='ltr'>Marte</span> 
     </span>
     <span class='ocr_line' id='line_1_18' title="bbox 109 1219 1442 1271; baseline 0 -15"><span class='ocrx_word' id='word_1_141' title='bbox 109 1219 363 1257; x_wconf 81' lang='lat' dir='ltr'>contenderet.</span> <span class='ocrx_word' id='word_1_142' title='bbox 423 1219 467 1258; x_wconf 85' lang='lat' dir='ltr'>S1</span> <span class='ocrx_word' id='word_1_143' title='bbox 486 1220 634 1259; x_wconf 88' lang='lat' dir='ltr'>saniora</span> <span class='ocrx_word' id='word_1_144' title='bbox 653 1220 811 1258; x_wconf 88' lang='lat' dir='ltr'>consilia</span> <span class='ocrx_word' id='word_1_145' title='bbox 831 1220 984 1258; x_wconf 84' lang='lat' dir='ltr'>tandem</span> <span class='ocrx_word' id='word_1_146' title='bbox 1004 1221 1085 1271; x_wconf 87' lang='lat' dir='ltr'>pati</span> <span class='ocrx_word' id='word_1_147' title='bbox 1103 1220 1302 1271; x_wconf 88' lang='lat' dir='ltr'>potuisset,</span> <span class='ocrx_word' id='word_1_148' title='bbox 1326 1221 1349 1237; x_wconf 84' lang='lat'>¹⁰</span> <span class='ocrx_word' id='word_1_149' title='bbox 1362 1233 1442 1256; x_wconf 88' lang='lat' dir='ltr'>eon-</span> 
     </span>
     <span class='ocr_line' id='line_1_19' title="bbox 109 1282 1443 1334; baseline 0 -16"><span class='ocrx_word' id='word_1_150' title='bbox 109 1287 238 1319; x_wconf 75' lang='lat' dir='ltr'>tentas</span> <span class='ocrx_word' id='word_1_151' title='bbox 257 1283 394 1332; x_wconf 90' lang='lat' dir='ltr'>patrio,</span> <span class='ocrx_word' id='word_1_152' title='bbox 415 1282 568 1321; x_wconf 87' lang='lat' dir='ltr'>cederet</span> <span class='ocrx_word' id='word_1_153' title='bbox 586 1283 701 1321; x_wconf 87' lang='lat' dir='ltr'>alieni</span> <span class='ocrx_word' id='word_1_154' title='bbox 720 1283 871 1334; x_wconf 88' lang='lat' dir='ltr'>imperii</span> <span class='ocrx_word' id='word_1_155' title='bbox 890 1283 1050 1332; x_wconf 86' lang='lat' dir='ltr'>finibus;</span> <span class='ocrx_word' id='word_1_156' title='bbox 1082 1283 1205 1321; x_wconf 90' lang='lat' dir='ltr'>socius</span> <span class='ocrx_word' id='word_1_157' title='bbox 1225 1283 1443 1333; x_wconf 66' lang='lat' dir='ltr'>amicusque</span> 
     </span>
     <span class='ocr_line' id='line_1_20' title="bbox 109 1345 1191 1396; baseline 0.001 -14"><span class='ocrx_word' id='word_1_158' title='bbox 109 1349 234 1383; x_wconf 70' lang='lat' dir='ltr'>esset:</span> <span class='ocrx_word' id='word_1_159' title='bbox 264 1345 303 1382; x_wconf 91' lang='lat' dir='ltr'>in</span> <span class='ocrx_word' id='word_1_160' title='bbox 322 1358 366 1383; x_wconf 83' lang='lat' dir='ltr'>ea</span> <span class='ocrx_word' id='word_1_161' title='bbox 385 1358 425 1383; x_wconf 87' lang='lat' dir='ltr'>se</span> <span class='ocrx_word' id='word_1_162' title='bbox 444 1345 557 1383; x_wconf 89' lang='lat' dir='ltr'>fidem</span> <span class='ocrx_word' id='word_1_163' title='bbox 576 1350 615 1383; x_wconf 87' lang='lat' dir='ltr'>et</span> <span class='ocrx_word' id='word_1_164' title='bbox 634 1345 724 1384; x_wconf 89' lang='lat' dir='ltr'>dare</span> <span class='ocrx_word' id='word_1_165' title='bbox 743 1351 932 1396; x_wconf 86' lang='lat' dir='ltr'>paratum,</span> <span class='ocrx_word' id='word_1_166' title='bbox 953 1350 992 1384; x_wconf 87' lang='lat' dir='ltr'>et</span> <span class='ocrx_word' id='word_1_167' title='bbox 1010 1346 1191 1396; x_wconf 90' lang='lat' dir='ltr'>accipere.</span> 
     </span>
    </p>

    <p class='ocr_par' dir='ltr' id='par_1_3' title="bbox 107 1407 1482 2463">
     <span class='ocr_line' id='line_1_21' title="bbox 187 1407 1441 1457; baseline -0.001 -12"><span class='ocrx_word' id='word_1_168' title='bbox 187 1410 222 1445; x_wconf 81' lang='lat'>2.</span> <span class='ocrx_word' id='word_1_169' title='bbox 252 1407 396 1446; x_wconf 86' lang='lat' dir='ltr'>Contra</span> <span class='ocrx_word' id='word_1_170' title='bbox 410 1408 635 1446; x_wconf 85' lang='lat' dir='ltr'>Alexander</span> <span class='ocrx_word' id='word_1_171' title='bbox 655 1409 694 1446; x_wconf 92' lang='lat' dir='ltr'>in</span> <span class='ocrx_word' id='word_1_172' title='bbox 713 1409 811 1446; x_wconf 89' lang='lat' dir='ltr'>hunc</span> <span class='ocrx_word' id='word_1_173' title='bbox 832 1409 857 1426; x_wconf 88' lang='lat'>¹¹</span> <span class='ocrx_word' id='word_1_174' title='bbox 872 1409 1037 1446; x_wconf 73' lang='lat' dir='ltr'>maxime</span> <span class='ocrx_word' id='word_1_175' title='bbox 1053 1408 1207 1446; x_wconf 90' lang='lat' dir='ltr'>modum</span> <span class='ocrx_word' id='word_1_176' title='bbox 1227 1408 1441 1457; x_wconf 84' lang='lat' dir='ltr'>rescripsit:</span> 
     </span>
     <span class='ocr_line' id='line_1_22' title="bbox 109 1470 1442 1522; baseline 0 -14"><span class='ocrx_word' id='word_1_177' title='bbox 109 1472 129 1491; x_wconf 73' lang='lat'>‘³</span> <span class='ocrx_word' id='word_1_178' title='bbox 140 1470 231 1508; x_wconf 70' lang='lat' dir='ltr'>Rnx</span> <span class='ocrx_word' id='word_1_179' title='bbox 243 1471 497 1509; x_wconf 73' lang='lat' dir='ltr'>ALEXANDER</span> <span class='ocrx_word' id='word_1_180' title='bbox 510 1471 651 1509; x_wconf 61' lang='lat' dir='ltr'>Damo.</span> <span class='ocrx_word' id='word_1_181' title='bbox 697 1471 783 1520; x_wconf 91' lang='lat' dir='ltr'>Ille,</span> <span class='ocrx_word' id='word_1_182' title='bbox 798 1473 906 1521; x_wconf 86' lang='lat' dir='ltr'>cujus</span> <span class='ocrx_word' id='word_1_183' title='bbox 919 1484 1054 1509; x_wconf 91' lang='lat' dir='ltr'>nomen</span> <span class='ocrx_word' id='word_1_184' title='bbox 1067 1471 1275 1522; x_wconf 85' lang='lat' dir='ltr'>sumpsisti,</span> <span class='ocrx_word' id='word_1_185' title='bbox 1290 1471 1442 1518; x_wconf 79' lang='lat' dir='ltr'>Darius,</span> 
     </span>
     <span class='ocr_line' id='line_1_23' title="bbox 110 1532 1443 1585; baseline 0 -15"><span class='ocrx_word' id='word_1_186' title='bbox 110 1532 278 1581; x_wconf 80' lang='lat' dir='ltr'>Graeeos,</span> <span class='ocrx_word' id='word_1_187' title='bbox 298 1534 365 1584; x_wconf 87' lang='lat' dir='ltr'>qui</span> <span class='ocrx_word' id='word_1_188' title='bbox 385 1547 490 1571; x_wconf 88' lang='lat' dir='ltr'>oram</span> <span class='ocrx_word' id='word_1_189' title='bbox 521 1533 768 1584; x_wconf 85' lang='lat' dir='ltr'>Hellesponti</span> <span class='ocrx_word' id='word_1_190' title='bbox 797 1539 941 1581; x_wconf 89' lang='lat' dir='ltr'>tenent,</span> <span class='ocrx_word' id='word_1_191' title='bbox 962 1534 1202 1585; x_wconf 85' lang='lat' dir='ltr'>coloniasque</span> <span class='ocrx_word' id='word_1_192' title='bbox 1224 1533 1443 1573; x_wconf 81' lang='lat' dir='ltr'>Graecoruni</span> 
     </span>
     <span class='ocr_line' id='line_1_24' title="bbox 112 1595 1442 1646; baseline 0.001 -14"><span class='ocrx_word' id='word_1_193' title='bbox 112 1595 242 1633; x_wconf 90' lang='lat' dir='ltr'>Ionias</span> <span class='ocrx_word' id='word_1_194' title='bbox 261 1595 364 1633; x_wconf 89' lang='lat' dir='ltr'>omni</span> <span class='ocrx_word' id='word_1_195' title='bbox 384 1595 491 1633; x_wconf 90' lang='lat' dir='ltr'>clade</span> <span class='ocrx_word' id='word_1_196' title='bbox 511 1596 700 1634; x_wconf 82' lang='lat' dir='ltr'>vastavit:</span> <span class='ocrx_word' id='word_1_197' title='bbox 729 1609 813 1634; x_wconf 90' lang='lat' dir='ltr'>cum</span> <span class='ocrx_word' id='word_1_198' title='bbox 833 1609 970 1646; x_wconf 83' lang='lat' dir='ltr'>magno</span> <span class='ocrx_word' id='word_1_199' title='bbox 990 1596 1127 1635; x_wconf 88' lang='lat' dir='ltr'>deinde</span> <span class='ocrx_word' id='word_1_200' title='bbox 1147 1597 1318 1634; x_wconf 81' lang='lat' dir='ltr'>exercitu</span> <span class='ocrx_word' id='word_1_201' title='bbox 1339 1610 1442 1634; x_wconf 91' lang='lat' dir='ltr'>mare</span> 
     </span>
     <span class='ocr_line' id='line_1_25' title="bbox 109 1658 1442 1708; baseline 0 -13"><span class='ocrx_word' id='word_1_202' title='bbox 109 1659 272 1708; x_wconf 89' lang='lat' dir='ltr'>trajecit,</span> <span class='ocrx_word' id='word_1_203' title='bbox 292 1658 401 1696; x_wconf 90' lang='lat' dir='ltr'>illato</span> <span class='ocrx_word' id='word_1_204' title='bbox 437 1658 674 1697; x_wconf 85' lang='lat' dir='ltr'>Macedoniae</span> <span class='ocrx_word' id='word_1_205' title='bbox 697 1664 736 1697; x_wconf 87' lang='lat' dir='ltr'>et</span> <span class='ocrx_word' id='word_1_206' title='bbox 768 1659 930 1698; x_wconf 82' lang='lat' dir='ltr'>Graeciae</span> <span class='ocrx_word' id='word_1_207' title='bbox 953 1658 1063 1696; x_wconf 88' lang='lat' dir='ltr'>bello.</span> <span class='ocrx_word' id='word_1_208' title='bbox 1120 1659 1272 1697; x_wconf 84' lang='lat' dir='ltr'>Rursus</span> <span class='ocrx_word' id='word_1_209' title='bbox 1291 1658 1442 1696; x_wconf 84' lang='lat' dir='ltr'>Xerxes</span> 
     </span>
     <span class='ocr_line' id='line_1_26' title="bbox 107 1720 1441 1772; baseline 0.001 -15"><span class='ocrx_word' id='word_1_210' title='bbox 107 1721 232 1770; x_wconf 84' lang='lat' dir='ltr'>gentis</span> <span class='ocrx_word' id='word_1_211' title='bbox 260 1720 430 1770; x_wconf 91' lang='lat' dir='ltr'>ejusdem</span> <span class='ocrx_word' id='word_1_212' title='bbox 452 1721 501 1758; x_wconf 92' lang='lat' dir='ltr'>ad</span> <span class='ocrx_word' id='word_1_213' title='bbox 522 1721 794 1772; x_wconf 87' lang='lat' dir='ltr'>oppugnandos</span> <span class='ocrx_word' id='word_1_214' title='bbox 813 1734 884 1759; x_wconf 74' lang='lat' dir='ltr'>nos</span> <span class='ocrx_word' id='word_1_215' title='bbox 903 1734 988 1758; x_wconf 88' lang='lat' dir='ltr'>eum</span> <span class='ocrx_word' id='word_1_216' title='bbox 1019 1721 1238 1758; x_wconf 84' lang='lat' dir='ltr'>immanium</span> <span class='ocrx_word' id='word_1_217' title='bbox 1268 1721 1441 1759; x_wconf 86' lang='lat' dir='ltr'>barbaro-</span> 
     </span>
     <span class='ocr_line' id='line_1_27' title="bbox 108 1784 1440 1835; baseline -0.001 -14"><span class='ocrx_word' id='word_1_218' title='bbox 108 1797 192 1821; x_wconf 90' lang='lat' dir='ltr'>rum</span> <span class='ocrx_word' id='word_1_219' title='bbox 211 1784 330 1834; x_wconf 88' lang='lat' dir='ltr'>copiis</span> <span class='ocrx_word' id='word_1_220' title='bbox 349 1784 454 1822; x_wconf 81' lang='lat' dir='ltr'>venit</span> <span class='ocrx_word' id='word_1_221' title='bbox 470 1797 478 1822; x_wconf 90' lang='lat'><strong>:</strong></span> <span class='ocrx_word' id='word_1_222' title='bbox 507 1784 583 1835; x_wconf 91' lang='lat' dir='ltr'>qui,</span> <span class='ocrx_word' id='word_1_223' title='bbox 599 1784 727 1822; x_wconf 84' lang='lat' dir='ltr'>navali</span> <span class='ocrx_word' id='word_1_224' title='bbox 745 1785 879 1835; x_wconf 90' lang='lat' dir='ltr'>praelio</span> <span class='ocrx_word' id='word_1_225' title='bbox 900 1785 1037 1832; x_wconf 84' lang='lat' dir='ltr'>victus,</span> <span class='ocrx_word' id='word_1_226' title='bbox 1055 1784 1297 1822; x_wconf 87' lang='lat' dir='ltr'>Mardonium</span> <span class='ocrx_word' id='word_1_227' title='bbox 1316 1789 1440 1820; x_wconf 85' lang='lat' dir='ltr'>tamen</span> 
     </span>
     <span class='ocr_line' id='line_1_28' title="bbox 107 1846 1440 1899; baseline -0.001 -16"><span class='ocrx_word' id='word_1_228' title='bbox 107 1846 263 1897; x_wconf 89' lang='lat' dir='ltr'>reliquit</span> <span class='ocrx_word' id='word_1_229' title='bbox 283 1846 321 1883; x_wconf 90' lang='lat' dir='ltr'>in</span> <span class='ocrx_word' id='word_1_230' title='bbox 342 1846 506 1895; x_wconf 69' lang='lat' dir='ltr'>Groecia,</span> <span class='ocrx_word' id='word_1_231' title='bbox 525 1855 570 1884; x_wconf 88' lang='lat' dir='ltr'>ut</span> <span class='ocrx_word' id='word_1_232' title='bbox 587 1846 721 1885; x_wconf 85' lang='lat' dir='ltr'>absens</span> <span class='ocrx_word' id='word_1_233' title='bbox 740 1860 891 1899; x_wconf 86' lang='lat' dir='ltr'>quoque</span> <span class='ocrx_word' id='word_1_234' title='bbox 920 1846 1166 1897; x_wconf 85' lang='lat' dir='ltr'>popularetur</span> <span class='ocrx_word' id='word_1_235' title='bbox 1185 1846 1310 1893; x_wconf 90' lang='lat' dir='ltr'>urbes,</span> <span class='ocrx_word' id='word_1_236' title='bbox 1331 1859 1440 1897; x_wconf 80' lang='lat' dir='ltr'>agros</span> 
     </span>
     <span class='ocr_line' id='line_1_29' title="bbox 107 1909 1441 1960; baseline -0.001 -14"><span class='ocrx_word' id='word_1_237' title='bbox 107 1914 244 1947; x_wconf 88' lang='lat' dir='ltr'>ureret.</span> <span class='ocrx_word' id='word_1_238' title='bbox 303 1910 328 1928; x_wconf 78' lang='lat'>¹²</span> <span class='ocrx_word' id='word_1_239' title='bbox 342 1909 567 1960; x_wconf 88' lang='lat' dir='ltr'>Philippum</span> <span class='ocrx_word' id='word_1_240' title='bbox 580 1910 671 1948; x_wconf 75' lang='lat' dir='ltr'>vero</span> <span class='ocrx_word' id='word_1_241' title='bbox 689 1915 886 1960; x_wconf 88' lang='lat' dir='ltr'>parentem</span> <span class='ocrx_word' id='word_1_242' title='bbox 905 1923 1031 1947; x_wconf 91' lang='lat' dir='ltr'>meum</span> <span class='ocrx_word' id='word_1_243' title='bbox 1050 1909 1135 1960; x_wconf 90' lang='lat' dir='ltr'>quis</span> <span class='ocrx_word' id='word_1_244' title='bbox 1155 1909 1304 1960; x_wconf 84' lang='lat' dir='ltr'>ignorat</span> <span class='ocrx_word' id='word_1_245' title='bbox 1319 1909 1366 1947; x_wconf 90' lang='lat' dir='ltr'>ab</span> <span class='ocrx_word' id='word_1_246' title='bbox 1382 1909 1441 1945; x_wconf 77' lang='lat' dir='ltr'>his</span> 
     </span>
     <span class='ocr_line' id='line_1_30' title="bbox 108 1971 1441 2024; baseline -0.001 -15"><span class='ocrx_word' id='word_1_247' title='bbox 108 1971 352 2010; x_wconf 88' lang='lat' dir='ltr'>interfectum</span> <span class='ocrx_word' id='word_1_248' title='bbox 381 1985 474 2022; x_wconf 87' lang='lat' dir='ltr'>csse,</span> <span class='ocrx_word' id='word_1_249' title='bbox 506 1985 602 2023; x_wconf 88' lang='lat' dir='ltr'>quos</span> <span class='ocrx_word' id='word_1_250' title='bbox 633 1973 798 2024; x_wconf 84' lang='lat' dir='ltr'>ingentis</span> <span class='ocrx_word' id='word_1_251' title='bbox 834 1972 1008 2024; x_wconf 83' lang='lat' dir='ltr'>pecuniae</span> <span class='ocrx_word' id='word_1_252' title='bbox 1041 1985 1107 2022; x_wconf 88' lang='lat' dir='ltr'>spe</span> <span class='ocrx_word' id='word_1_253' title='bbox 1139 1972 1441 2010; x_wconf 80' lang='lat' dir='ltr'>sollicitaverant</span> 
     </span>
     <span class='ocr_line' id='line_1_31' title="bbox 108 2034 1437 2086; baseline -0.001 -15"><span class='ocrx_word' id='word_1_254' title='bbox 108 2035 256 2072; x_wconf 85' lang='lat' dir='ltr'>vestri?</span> <span class='ocrx_word' id='word_1_255' title='bbox 310 2035 437 2085; x_wconf 87' lang='lat' dir='ltr'>Impia</span> <span class='ocrx_word' id='word_1_256' title='bbox 465 2035 566 2073; x_wconf 88' lang='lat' dir='ltr'>enim</span> <span class='ocrx_word' id='word_1_257' title='bbox 585 2035 687 2074; x_wconf 85' lang='lat' dir='ltr'>bella</span> <span class='ocrx_word' id='word_1_258' title='bbox 714 2034 924 2086; x_wconf 86' lang='lat' dir='ltr'>suscipitis,</span> <span class='ocrx_word' id='word_1_259' title='bbox 945 2040 985 2073; x_wconf 90' lang='lat' dir='ltr'>ct</span> <span class='ocrx_word' id='word_1_260' title='bbox 1003 2035 1092 2072; x_wconf 69' lang='lat' dir='ltr'>enm</span> <span class='ocrx_word' id='word_1_261' title='bbox 1123 2034 1295 2073; x_wconf 88' lang='lat' dir='ltr'>habeatis</span> <span class='ocrx_word' id='word_1_262' title='bbox 1325 2048 1437 2081; x_wconf 49' lang='lat' dir='ltr'>arma:</span> 
     </span>
     <span class='ocr_line' id='line_1_32' title="bbox 111 2096 1435 2149; baseline 0 -15"><span class='ocrx_word' id='word_1_263' title='bbox 111 2096 348 2135; x_wconf 81' lang='lat' dir='ltr'>¹’licitamini</span> <span class='ocrx_word' id='word_1_264' title='bbox 367 2098 533 2136; x_wconf 86' lang='lat' dir='ltr'>hostium</span> <span class='ocrx_word' id='word_1_265' title='bbox 561 2098 698 2149; x_wconf 88' lang='lat' dir='ltr'>capita,</span> <span class='ocrx_word' id='word_1_266' title='bbox 720 2099 821 2136; x_wconf 87' lang='lat' dir='ltr'>sicut</span> <span class='ocrx_word' id='word_1_267' title='bbox 838 2103 884 2137; x_wconf 87' lang='lat' dir='ltr'>tu</span> <span class='ocrx_word' id='word_1_268' title='bbox 907 2097 1114 2148; x_wconf 71' lang='lat' dir='ltr'>“proxime&#39;</span> <span class='ocrx_word' id='word_1_269' title='bbox 1136 2097 1292 2135; x_wconf 83' lang='lat' dir='ltr'>talentis</span> <span class='ocrx_word' id='word_1_270' title='bbox 1322 2097 1435 2145; x_wconf 40' lang='lat' dir='ltr'>mille,</span> 
     </span>
     <span class='ocr_line' id='line_1_33' title="bbox 110 2159 1482 2211; baseline 0.001 -15"><span class='ocrx_word' id='word_1_271' title='bbox 110 2159 207 2196; x_wconf 85' lang='lat' dir='ltr'>tanti</span> <span class='ocrx_word' id='word_1_272' title='bbox 240 2161 434 2198; x_wconf 74' lang='lat' dir='ltr'>exercitiis</span> <span class='ocrx_word' id='word_1_273' title='bbox 466 2160 564 2209; x_wconf 87' lang='lat' dir='ltr'>Rex,</span> <span class='ocrx_word' id='word_1_274' title='bbox 584 2174 843 2211; x_wconf 88' lang='lat' dir='ltr'>percussorem</span> <span class='ocrx_word' id='word_1_275' title='bbox 862 2163 905 2199; x_wconf 83' lang='lat' dir='ltr'>in</span> <span class='ocrx_word' id='word_1_276' title='bbox 925 2173 984 2198; x_wconf 90' lang='lat' dir='ltr'>mc</span> <span class='ocrx_word' id='word_1_277' title='bbox 1003 2173 1126 2198; x_wconf 84' lang='lat' dir='ltr'>emere</span> <span class='ocrx_word' id='word_1_278' title='bbox 1145 2161 1311 2198; x_wconf 80' lang='lat' dir='ltr'>voluisti.</span> <span class='ocrx_word' id='word_1_279' title='bbox 1368 2160 1436 2198; x_wconf 81' lang='lat' dir='ltr'>Re·</span> <span class='ocrx_word' id='word_1_280' title='bbox 1473 2183 1482 2190; x_wconf 92' lang='lat'><strong>·</strong></span> 
     </span>
     <span class='ocr_line' id='line_1_34' title="bbox 107 2221 1438 2275; baseline 0.001 -17"><span class='ocrx_word' id='word_1_281' title='bbox 107 2221 208 2272; x_wconf 90' lang='lat' dir='ltr'>pello</span> <span class='ocrx_word' id='word_1_282' title='bbox 228 2223 345 2272; x_wconf 80' lang='lat' dir='ltr'>igitur</span> <span class='ocrx_word' id='word_1_283' title='bbox 362 2223 515 2272; x_wconf 87' lang='lat' dir='ltr'>bellum,</span> <span class='ocrx_word' id='word_1_284' title='bbox 535 2237 608 2262; x_wconf 91' lang='lat' dir='ltr'>non</span> <span class='ocrx_word' id='word_1_285' title='bbox 629 2225 761 2262; x_wconf 86' lang='lat' dir='ltr'>infero.</span> <span class='ocrx_word' id='word_1_286' title='bbox 819 2225 874 2262; x_wconf 89' lang='lat' dir='ltr'>Et</span> <span class='ocrx_word' id='word_1_287' title='bbox 894 2224 982 2263; x_wconf 82' lang='lat' dir='ltr'>Diis</span> <span class='ocrx_word' id='word_1_288' title='bbox 1009 2237 1158 2275; x_wconf 85' lang='lat' dir='ltr'>quoque</span> <span class='ocrx_word' id='word_1_289' title='bbox 1185 2236 1253 2274; x_wconf 86' lang='lat' dir='ltr'>pro</span> <span class='ocrx_word' id='word_1_290' title='bbox 1281 2223 1438 2260; x_wconf 86' lang='lat' dir='ltr'>meliore</span> 
     </span>
     <span class='ocr_line' id='line_1_35' title="bbox 110 2285 1438 2338; baseline 0.001 -18"><span class='ocrx_word' id='word_1_291' title='bbox 110 2285 302 2322; x_wconf 85' lang='lat' dir='ltr'>stantibus</span> <span class='ocrx_word' id='word_1_292' title='bbox 338 2289 463 2334; x_wconf 66' lang='lat' dir='ltr'>causa,</span> <span class='ocrx_word' id='word_1_293' title='bbox 493 2300 665 2338; x_wconf 84' lang='lat' dir='ltr'>magnam</span> <span class='ocrx_word' id='word_1_294' title='bbox 702 2293 850 2337; x_wconf 89' lang='lat' dir='ltr'>partem</span> <span class='ocrx_word' id='word_1_295' title='bbox 886 2287 994 2325; x_wconf 82' lang='lat' dir='ltr'>Asiae</span> <span class='ocrx_word' id='word_1_296' title='bbox 1027 2287 1065 2323; x_wconf 93' lang='lat' dir='ltr'>in</span> <span class='ocrx_word' id='word_1_297' title='bbox 1098 2286 1280 2324; x_wconf 89' lang='lat' dir='ltr'>ditionem</span> <span class='ocrx_word' id='word_1_298' title='bbox 1308 2285 1438 2335; x_wconf 83' lang='lat' dir='ltr'>redegi</span> 
     </span>
     <span class='ocr_line' id='line_1_36' title="bbox 112 2348 1438 2401; baseline 0.002 -18"><span class='ocrx_word' id='word_1_299' title='bbox 112 2360 252 2384; x_wconf 86' lang='lat' dir='ltr'>meam:</span> <span class='ocrx_word' id='word_1_300' title='bbox 283 2348 462 2397; x_wconf 81' lang='lat' dir='ltr'>teipsum</span> <span class='ocrx_word' id='word_1_301' title='bbox 496 2351 575 2388; x_wconf 89' lang='lat' dir='ltr'>acie</span> <span class='ocrx_word' id='word_1_302' title='bbox 595 2351 691 2388; x_wconf 75' lang='lat' dir='ltr'>vici:</span> <span class='ocrx_word' id='word_1_303' title='bbox 720 2363 832 2401; x_wconf 87' lang='lat' dir='ltr'>quem</span> <span class='ocrx_word' id='word_1_304' title='bbox 867 2350 939 2386; x_wconf 75' lang='lat' dir='ltr'>etsi</span> <span class='ocrx_word' id='word_1_305' title='bbox 970 2349 1066 2386; x_wconf 88' lang='lat' dir='ltr'>nihil</span> <span class='ocrx_word' id='word_1_306' title='bbox 1095 2363 1118 2386; x_wconf 87' lang='lat' dir='ltr'>a</span> <span class='ocrx_word' id='word_1_307' title='bbox 1146 2363 1204 2386; x_wconf 87' lang='lat' dir='ltr'>me</span> <span class='ocrx_word' id='word_1_308' title='bbox 1235 2349 1438 2397; x_wconf 85' lang='lat' dir='ltr'>impetrare</span> 
     </span>
     <span class='ocr_line' id='line_1_37' title="bbox 111 2410 1438 2463; baseline 0 -16"><span class='ocrx_word' id='word_1_309' title='bbox 111 2410 320 2460; x_wconf 72' lang='lat' dir='ltr'>oportebat,</span> <span class='ocrx_word' id='word_1_310' title='bbox 341 2411 440 2461; x_wconf 72' lang='lat' dir='ltr'>quod</span> <span class='ocrx_word' id='word_1_311' title='bbox 469 2413 645 2461; x_wconf 60' lang='lat' dir='ltr'>petieras,</span> <span class='ocrx_word' id='word_1_312' title='bbox 667 2414 693 2431; x_wconf 74' lang='lat'>¹⁵</span> <span class='ocrx_word' id='word_1_313' title='bbox 707 2419 839 2463; x_wconf 85' lang='lat' dir='ltr'>utpote</span> <span class='ocrx_word' id='word_1_314' title='bbox 868 2413 930 2462; x_wconf 67' lang='lat' dir='ltr'>qui</span> <span class='ocrx_word' id='word_1_315' title='bbox 961 2426 1005 2449; x_wconf 86' lang='lat' dir='ltr'>ne</span> <span class='ocrx_word' id='word_1_316' title='bbox 1027 2412 1117 2449; x_wconf 87' lang='lat' dir='ltr'>belli</span> <span class='ocrx_word' id='word_1_317' title='bbox 1145 2411 1299 2461; x_wconf 80' lang='lat' dir='ltr'>quidem</span> <span class='ocrx_word' id='word_1_318' title='bbox 1320 2411 1357 2447; x_wconf 90' lang='lat' dir='ltr'>in</span> <span class='ocrx_word' id='word_1_319' title='bbox 1381 2424 1438 2448; x_wconf 69' lang='lat' dir='ltr'>ine.</span> 
     </span>
    </p>
   </div>
  </div>
 </body>
</html>
