1583 2680
501 163 662 188 LIBER.
692 162 736 187 v.
776 162 887 187 car.
928 162 970 186 v.
1355 151 1406 188 93

62 255 307 309 grediendum
338 260 442 305 erat;
469 256 549 305 jam
577 267 653 293 non
682 253 862 303 hostium,
882 253 951 294 sed
979 252 1147 292 locorum
1178 252 1309 291 fraude
1328 266 1406 291 sus·

61 322 185 371 pecta.
242 319 472 357 Procedenti
502 318 538 356 ei
568 318 709 356 litterae
737 317 950 356 redduntur
979 329 1002 354 a
1035 316 1220 368 Tyridate
1248 316 1405 354 custode

61 382 179 435 regiae
212 382 404 433 pecuniae;
435 381 668 419 ²indicantcs
699 393 774 430 eos,
805 380 872 432 qui
903 380 943 418 in
973 379 1070 419 urbe
1100 384 1240 428 essent,
1274 379 1404 417 audito

59 447 144 492 ejus
177 446 355 493 adventu,
389 445 554 495 diripere
583 444 680 483 velle
713 444 932 493 thesauros;
972 448 1195 494 properaret
1225 455 1404 493 occupare

59 509 261 547 dimissos:
311 508 559 558 ³expeditum
596 508 670 546 iter
706 520 799 556 esse,
836 520 1049 559 quanquam
1085 506 1236 544 Araxes
1282 506 1403 543 amnis

59 573 262 611 interfluat.
319 571 476 610 Nullam
504 571 687 610 virtutem
715 570 837 622 Regis
865 570 980 608 istius
1009 569 1142 622 magis,
1170 571 1284 621 quam
1311 570 1402 607 celc-

58 635 214 674 ritatem
249 635 508 673 laudaverim:
549 634 694 672 relictis
736 634 837 672 enim
872 633 1110 684 pedestribus
1148 633 1278 684 copiis,
1319 636 1403 671 tota

59 703 168 736 nocte
187 711 273 736 eum
293 698 484 750 equitibus
504 698 655 736 itineris
682 701 790 735 tanto
810 697 934 748 spatio
961 696 1145 748 fatigatis,
1165 697 1214 734 ad
1232 697 1402 734 Araxem

58 762 182 812 prima
201 762 285 800 luce
305 762 487 812 pervenit.
545 761 635 800 Vici
663 765 771 799 erant
798 761 838 798 in
864 761 1098 812 propinquo:
1126 760 1262 811 quibus
1281 760 1400 810 direp-

58 825 108 863 tis
137 838 179 863 ac
207 825 356 874 dirutis,
377 829 531 875 pontem
551 838 598 863 ex
615 825 775 862 materia
794 837 924 878 eorum
943 824 1108 863 subditis
1127 823 1230 862 saxis
1250 823 1401 861 strenue

57 889 220 927 induxit.
278 889 443 940 Jamque
478 888 580 926 haud
614 887 747 938 procul
778 888 873 926 urbe
909 891 1027 936 erant,
1064 888 1153 924 cum
1189 886 1402 925 miserabile

57 965 202 1003 agmen,
241 952 367 989 ⁴inter
401 964 521 1001 pauca
557 952 722 989 fortunae
759 950 933 1001 exempla
967 949 1264 998 memorandum,
1301 949 1400 1000 Regi

58 1015 234 1053 occurrit.
293 1014 448 1064 Captivi
481 1018 589 1051 erant
617 1013 742 1052 Graeci
772 1013 822 1051 ad
852 1019 1012 1064 quatuor
1039 1013 1161 1051 millia
1187 1013 1279 1061 fere,
1309 1025 1402 1063 quos

57 1078 189 1116 Persae
219 1077 325 1116 vario
359 1076 630 1127 suppliciorum
658 1075 771 1114 modo
804 1076 1015 1114 affecerant.
1083 1075 1195 1113 Alios
1230 1075 1399 1125 pedibus,

55 1141 240 1192 quosdam
269 1139 444 1179 manibus
473 1139 702 1190 auribusque
732 1139 949 1189 amputatis,
980 1138 1192 1189 inustisque
1227 1138 1400 1176 barbara-

55 1218 139 1242 rum
157 1204 376 1242 litterarum
393 1203 505 1252 notis,
526 1203 567 1240 in
589 1203 746 1255 longum
775 1203 834 1241 sui
862 1201 1070 1240 ludibrium
1088 1206 1373 1240 reservaverant
1390 1215 1398 1251 ς

55 1272 94 1306 et
123 1268 212 1306 cum
247 1281 288 1306 se
315 1279 466 1318 quoque
495 1266 632 1305 alienae
668 1255 830 1304 ditionis
866 1277 949 1303 esse
985 1269 1192 1313 cernerent,
1228 1264 1400 1303 volentes

54 1331 138 1383 regi
170 1338 366 1369 occurrere
397 1343 472 1368 non
503 1329 787 1380 prohibuerant.
855 1328 1047 1367 Inusitata.
1083 1327 1297 1376 simulacra,
1326 1341 1399 1365 non

54 1393 223 1432 homines
241 1393 478 1441 videbantur,
499 1405 568 1430 nec
595 1392 801 1443 quidquam
818 1391 861 1429 in
889 1391 965 1429 illis
992 1395 1132 1441 praeter
1149 1403 1279 1430 vocem
1296 1395 1399 1441 potc-

55 1461 117 1495 rat
145 1457 307 1509 agnosci.
364 1456 502 1494 Plures
531 1455 652 1507 igitur
681 1455 868 1506 lacrymas
899 1450 1146 1503 commovere,
1175 1455 1290 1505 quam
1316 1467 1399 1504 pro-

55 1519 231 1557 fuderant
260 1519 358 1569 ipsi:
387 1519 526 1570 quippe
546 1519 587 1555 in
613 1523 692 1555 tam
720 1517 924 1568 multiplici
941 1517 1122 1568 variaque
1150 1517 1306 1555 fortuna
1325 1517 1398 1555 sin-

54 1582 241 1634 gulorum,
273 1581 534 1619 ‘intuentibus
571 1581 738 1619 “similcs
770 1581 936 1631 quidem,
966 1580 1035 1617 sed
1065 1585 1194 1618 tamen
1230 1580 1400 1630 dispares

55 1658 195 1695 poenas,
228 1645 312 1696 quis
344 1643 508 1681 maxime
541 1643 771 1681 miserabilis
804 1647 916 1691 essct,
945 1642 1090 1693 liquere
1125 1655 1200 1679 non
1234 1646 1395 1692 poterat.

57 1708 113 1747 Ut
131 1709 222 1746 vero
242 1707 380 1746 Jovem
410 1707 467 1744 illi
499 1706 650 1744 tandem
670 1705 830 1745 Graeciae
856 1705 1021 1743 ultorem
1049 1704 1243 1755 aperuisse
1271 1704 1398 1742 oculos

55 1770 348 1818 conclamavere,
381 1771 536 1807 ⁷omnes
564 1769 649 1819 pari
683 1769 866 1819 supplicio
902 1768 1026 1806 affecti
1054 1768 1128 1806 sibi
1156 1767 1394 1806 videbantur.

56 1834 154 1883 Rex,
175 1833 372 1881 abstersis,
392 1845 486 1884 quas
515 1832 738 1883 profuderat
768 1832 955 1882 lacrymis,
982 1831 1124 1870 bonum
1152 1830 1291 1869 habere
1320 1830 1396 1867 ani-

53 1910 156 1935 mum
183 1897 314 1947 jubet3
344 1896 494 1934 visuros
522 1895 637 1934 urbes
665 1908 763 1943 suas,
783 1896 1058 1946 eonjugesque:
1088 1899 1126 1932 et
1152 1899 1278 1931 castra
1305 1893 1394 1931 inde

55 1960 130 1998 duo
149 1960 197 1998 ab
215 1959 307 1998 urbe
327 1959 451 1997 stadia
469 1958 683 1997 communit.

140 2025 196 2061 18.
225 2021 351 2062 Graeci
370 2027 610 2060 excesserant
629 2021 741 2070 vallo,
758 2019 1020 2069 deliberaturi,
1041 2020 1135 2072 quid
1152 2019 1394 2071 potissimum

56 2099 77 2123 a
111 2085 218 2136 Rege
246 2090 431 2136 peterent.
490 2084 658 2136 Cumque
688 2084 774 2122 aliis
808 2084 913 2122 sedes
943 2084 983 2121 in
1011 2084 1111 2122 Asici
1139 2096 1288 2135 rogare,
1309 2083 1396 2121 aliis

55 2148 196 2187 reverti
226 2148 354 2186 domos
384 2148 571 2198 placeret3
616 2147 838 2199 Euthymon
871 2146 1047 2198 Cymaeus
1076 2147 1135 2184 ita
1168 2147 1317 2185 loeutus
1347 2145 1395 2184 ad

57 2225 121 2250 eos
151 2211 300 2249 fertur:
327 2211 377 2232 “⁴
393 2210 475 2249 Nos
492 2211 558 2262 qui
586 2211 698 2250 modo
729 2210 778 2248 ad
796 2223 905 2261 opem
934 2209 1138 2260 petendam
1156 2223 1204 2247 cx
1230 2209 1394 2247 tenebris

56 2281 94 2313 ct
112 2286 258 2312 carcerc
290 2273 490 2324 procedere
517 2274 748 2322 erubuimus,
766 2278 811 2311 ut
837 2286 936 2311 nunc
963 2278 1034 2321 est,
1055 2272 1239 2323 supplicia
1265 2277 1396 2309 nostra

57 2340 230 2390 (quorum
248 2349 317 2374 nos
345 2336 486 2386 pudeat
514 2337 648 2388 magis,
669 2350 716 2375 an
744 2337 940 2387 poeniteat,
960 2336 1144 2374 incertum
1172 2337 1245 2386 est)
1274 2340 1395 2372 osten·

57 2407 136 2439 tare
156 2399 314 2439 Groeeiae
333 2399 438 2438 velut
465 2399 594 2438 laetum
621 2399 876 2450 spectaculum
895 2399 1076 2449 cupimus.
1132 2400 1188 2436 At
1208 2398 1234 2434 ii
1255 2396 1394 2446 optime

59 2464 230 2503 miserias
250 2463 387 2510 serunt,
408 2462 473 2513 qui
493 2462 748 2500 abscondunt:
777 2475 846 2500 nee
874 2461 955 2500 ulla
983 2466 1041 2498 est
1072 2466 1149 2498 tam
1171 2458 1396 2496 ⁹familiaris
