1583 2680
478 156 640 182 mnes.
680 156 724 181 v,
768 155 880 181 csr.
911 155 966 180 11.
1345 145 1393 182 85

60 248 121 289 Ex
151 247 308 300 pecunia
327 247 467 286 deinde
498 248 724 300 Babyloniae
754 247 900 286 tradita
929 247 1178 286 Macedonum
1203 248 1395 300 equitibus

56 312 211 351 sexceni
242 312 391 350 denarii
422 312 582 351 tributi:
610 311 832 364 peregrinus
859 324 971 363 eques
998 311 1208 363 quingenos
1229 312 1396 362 aceepit:

57 375 84 394 ⁴⁸
97 375 259 414 ducenos
276 375 404 426 pedes,
425 375 542 414 trium
561 370 790 426 stipendium
808 375 1005 414 mensium.

137 438 195 477 II.
227 441 260 478 7.
290 438 456 476 His'itii
490 439 720 489 compositis,
752 439 795 476 in
828 438 1034 490 regionem,
1071 451 1157 489 quae
1194 438 1400 488 Satrapene

56 506 225 550 vocatur,
244 502 428 552 pervenit.
484 502 643 540 Fertilis
675 507 786 550 terra,
805 502 914 553 copia
944 515 1083 550 rerum,
1105 507 1145 539 et
1175 502 1276 539 omni
1305 514 1401 539 eom-

57 570 188 603 meatu
207 565 412 604 abundans.
470 565 605 616 Itaque
625 567 634 583 ¹
650 565 793 604 diutius
811 565 864 604 ibi
884 565 1079 615 substitit3
1111 578 1166 614 ac,
1185 578 1233 603 ne
1253 564 1402 602 desides

61 627 138 666 otio
167 627 414 666 demitterent
445 628 600 677 animos,
629 628 778 678 judices
807 628 927 677 dedit,
945 629 1173 680 praemiaque
1202 628 1403 679 proposuit

59 691 107 729 de
125 691 269 730 virtute
287 691 447 729 militari
465 691 707 730 certantibus.
764 691 925 740 Novem,
939 692 1005 743 qui
1022 692 1224 730 fortissimi
1240 691 1404 741 judicati

59 759 195 803 essent,
233 754 393 806 singulis
422 755 590 793 militum
621 755 793 794 millibus
823 755 1029 806 praefuturi
1056 760 1180 803 erant,
1203 754 1403 805 (Cloiliar-

59 819 152 855 cleas
183 818 397 870 vocabant‚)
416 823 506 856 tune
538 818 708 869 primum
736 819 776 856 in
806 818 905 856 hune
922 832 1121 856 numerum
1139 819 1258 869 copiis
1279 817 1405 856 distri·

59 880 179 920 butis.
236 880 440 933 'Namque
476 883 589 919 antea
624 881 883 933 quingenariae
927 881 1101 919 cohortes
1136 882 1302 929 fuerant,
1338 893 1406 918 nec

58 943 297 981 fortitudinis
313 944 470 994 praemia
489 949 690 982 cesserant.
747 944 891 996 Ingens
909 945 1076 982 militum
1095 945 1207 983 turba
1228 957 1406 982 convene-

58 1011 131 1055 rat,
150 1007 303 1058 egregio
323 1007 554 1044 interfutura
583 1007 794 1055 certamini,
813 1008 924 1045 testis
952 1008 964 1025 ³
977 1008 1108 1046 eadem
1135 1009 1314 1059 cujusque
1332 1007 1406 1045 fae-

61 1074 198 1118 torum,
218 1075 258 1107 et
276 1069 349 1107 ⁴de
377 1069 571 1119 judicibus
599 1069 724 1107 latura
753 1070 1006 1108 sententiam:
1034 1071 1173 1122 quippe
1193 1073 1331 1110 verene
1359 1083 1408 1108 an

58 1132 157 1171 falso
189 1132 307 1171 honos
337 1132 471 1184 cuique
499 1132 715 1182 haberetur,
735 1133 904 1184 ignorari
930 1146 1007 1171 non
1034 1138 1196 1184 poterat.
1254 1134 1408 1172 Primus

59 1196 228 1234 omnium
244 1196 403 1234 virtutis
422 1199 537 1234 eausa
565 1196 725 1234 donatus
756 1201 814 1235 est
832 1196 1039 1235 Atharrias
1060 1197 1194 1246 senior,
1214 1197 1280 1249 qui
1298 1197 1408 1235 omis-

58 1272 143 1298 sum
171 1259 273 1310 apud
300 1259 614 1298 Halicarnassum
632 1273 655 1297 a
670 1260 886 1310 junioribus
913 1260 1099 1311 praelium,
1116 1273 1216 1299 unus
1242 1260 1407 1298 maxime

60 1323 308 1374 accenderat3
337 1323 536 1374 proximus
566 1323 603 1362 ei
631 1324 844 1375 Antigenes
862 1323 968 1363 visus
995 1329 1075 1374 est,
1105 1325 1264 1362 tertium
1282 1324 1409 1362 locum

61 1386 238 1425 Philotas
266 1387 424 1439 Angeus
443 1387 631 1436 obtinuit3
661 1392 820 1438 quartus
853 1388 1039 1439 Amyntae
1068 1387 1182 1426 datus
1215 1392 1295 1438 est;
1323 1392 1410 1438 post

59 1449 129 1488 hos
146 1450 381 1502 Antigonus,
401 1455 440 1488 et
471 1451 519 1489 ab
552 1463 596 1488 eo
617 1450 827 1502 Lyncestes
855 1451 1048 1502 Amyntas
1078 1451 1174 1502 fuit3
1206 1452 1410 1503 septimum

60 1513 185 1551 locum
212 1513 453 1563 Theodotus3
485 1514 531 1535 ⁵*
562 1515 583 1535 ¹¹
612 1515 655 1563 *ς
685 1514 863 1552 ultimum
881 1514 1050 1553 obtinuit
1068 1515 1304 1554 Hellanicus.
1361 1514 1410 1552 In

62 1576 264 1626 disciplina
299 1589 446 1627 quoque
481 1577 660 1614 militaris
690 1577 746 1615 rei
778 1577 957 1628 pleraque
975 1591 998 1615 a
1024 1578 1235 1628 majoribus
1267 1578 1411 1616 tradita

63 1642 212 1677 summa
230 1639 399 1678 utilitate
419 1641 591 1679 mutavit.
623 1639 727 1678 Nam
745 1641 835 1677 cum
853 1641 942 1678 ante
963 1640 1111 1692 equites
1130 1641 1170 1678 in
1185 1653 1292 1678 suam
1309 1641 1410 1692 quis—

62 1715 134 1753 que
161 1708 315 1754 gentem
343 1703 658 1752 describerentur,
690 1704 863 1741 seorsum
891 1717 914 1741 a
941 1703 1115 1753 caeteris3
1145 1709 1320 1754 exempto
1348 1717 1410 1741 na-

62 1765 210 1804 tionum
247 1765 476 1814 discrimine,
514 1766 726 1815 Praefectis,
762 1779 839 1804 non
873 1766 1007 1818 utique
1044 1780 1198 1805 suarum
1225 1767 1408 1818 gentium,

63 1828 131 1867 sed
159 1828 318 1868 delectis
350 1829 537 1869 attribuit.
595 1829 825 1878 Tuba‚c1im
856 1835 982 1868 castra
1008 1843 1159 1868 movere
1180 1830 1309 1879 vellet,
1337 1830 1410 1882 sig-

62 1905 154 1930 num
184 1892 320 1943 dabat3
350 1894 459 1943 cujus
495 1906 608 1931 sonus
636 1893 870 1946 plerumque,
902 1893 1216 1932 tumultuantium
1252 1894 1411 1933 fremitu

62 1955 268 2005 exoriente,
285 1955 388 1994 haud
418 1956 514 1994 satis
545 1956 832 1996 exaudiebatur.
890 1957 996 2009 Ergo
1023 1956 1221 2008 perticam,
1240 1970 1326 2008 quae
1343 1971 1411 1995 un-

63 2017 179 2070 dique
215 2018 383 2070 conspici
427 2024 570 2070 posset,
609 2032 725 2071 supra
768 2020 991 2071 praetorium
1036 2020 1196 2070 statuit;
1243 2034 1291 2059 ex
1334 2025 1410 2073 qua

67 2081 218 2133 signum
234 2082 425 2121 eminebat
442 2082 589 2133 pariter
606 2083 781 2123 omnibus
809 2083 1063 2134 conspicuum.
1122 2083 1412 2124 observabatur

64 2144 165 2196 ignis
182 2149 308 2194 noctu,
326 2145 456 2183 fumus
474 2146 658 2185 interdic.

145 2210 179 2245 8.
209 2206 374 2258 Jamque
407 2208 507 2248 Susa
526 2210 538 2228 ⁶
554 2210 591 2248 ei
619 2209 784 2259 adituro,
803 2209 984 2249 Abulites
1013 2210 1179 2262 regionis
1206 2211 1288 2261 ejus
1306 2211 1407 2248 Prae-

62 2270 199 2318 fectus,
220 2270 300 2308 sive
332 2271 443 2310 Darii
467 2273 588 2322 jussu,
607 2278 652 2311 ut
670 2273 935 2312 Alexandrum
966 2274 1096 2324 praeda
1122 2274 1312 2322 retineret,
1332 2273 1410 2310 sive

64 2337 134 2372 sua
153 2338 297 2384 sponte,
315 2333 436 2372 filium
454 2335 604 2374 obviam
632 2336 753 2385 misit,
773 2337 1005 2376 traditurum
1035 2350 1076 2375 se
1094 2337 1227 2375 urbem
1256 2334 1410 2386 promit-

64 2401 160 2436 tens.
216 2396 389 2448 Benigne
405 2398 581 2447 juvenem
608 2399 759 2450 excepit
778 2400 876 2449 Rex,
896 2405 935 2439 et
961 2413 1004 2438 eo
1023 2400 1116 2438 duce
1134 2400 1183 2437 ad
1213 2398 1410 2447 Choaspen

65 2472 211 2499 amnem
240 2459 425 2508 pervenit,
458 2459 660 2499 delicatam
692 2461 753 2510 (ut
785 2462 888 2500 fama
919 2465 993 2513 est)
1024 2462 1223 2501 vehentem
1262 2473 1406 2512 aquam.
