1583 2680
483 143 648 169 Lmen
688 143 808 169 V111.
851 143 961 168 (mr.
1003 143 1032 168 1.
1359 131 1436 170 177

91 234 104 251 ⁸
118 234 323 286 regnavit,]
342 235 540 285 proximus
553 234 783 283 Alexandro,
798 235 1024 274 venabulum
1038 235 1199 285 objicere
1217 235 1307 273 fera}
1320 249 1434 286 eoepe-

91 301 162 335 rat.
220 296 304 343 Quo
335 297 421 336 Rex
450 298 613 348 repulso,
635 303 675 335 et
705 298 810 337 abire
838 299 955 348 jusso,
982 297 1132 348 adjecit,
1152 302 1231 335 tam
1263 311 1285 335 a
1314 304 1435 335 semet

92 372 180 409 uno,
198 361 313 411 quam
341 373 364 398 a
392 360 628 411 Lysimacho,
647 360 797 398 leonem
824 360 982 398 interfici
1010 373 1131 410 posse.
1189 360 1434 411 Lysimachus

90 422 191 461 enim
210 424 222 441 ⁷
235 422 435 474 quondam,
455 424 543 460 eum
560 429 762 461 venaretur
780 423 821 460 in
849 422 973 473 Syria,
991 423 1184 461 occiderat
1201 423 1354 474 quidem
1374 437 1433 460 ex-

90 485 192 524 imiae
210 485 488 537 magnitudinis
507 485 626 523 feram
646 485 760 534 solus,
781 486 847 524 sed
866 485 961 524 laevo
980 485 1135 524 humero
1149 498 1268 536 usque
1288 485 1335 522 ad
1351 498 1435 523 ossa

89 547 276 585 laceratus
307 547 356 585 ad
388 547 567 585 ultimum
595 548 754 597 periculi
781 552 1011 598 pervenerat.
1067 547 1271 598 ⁸1dipsum
1304 560 1433 598 expro-

89 610 202 648 brans
222 610 258 648 ei
277 610 376 658 Rex,
397 610 538 648 fortius
557 611 671 661 quam
691 610 840 648 locutus
859 616 927 659 est,
947 610 1048 649 feeit.
1106 609 1207 649 Nam
1222 610 1341 647 feram
1359 623 1433 647 nou

89 673 236 723 excepit
254 673 378 721 modo,
400 673 467 710 sed
495 673 612 710 etiam
639 685 713 711 uno
741 673 898 712 vulnere
925 673 1076 712 occidit.
1131 671 1331 721 Fabulam,
1350 685 1437 722 qua:

91 735 282 785 objectum
311 735 412 774 leoni
442 749 465 774 a
491 735 598 787 Rege
618 735 887 786 Lysimachum
914 736 1076 774 'temere
1107 734 1291 786 vulgavit,
1313 734 1360 772 ab
1390 747 1433 771 eo

90 811 179 836 casu
199 798 324 849 (quem
344 800 460 849 supra
479 798 662 849 diximus)
685 803 806 837 ortam
833 811 913 837 esse
941 798 1178 837 crediderim.
1237 797 1433 837 Caeterum

91 860 329 910 Macedones,
349 875 562 913 quanquam
580 875 759 912 prospero
780 866 918 900 eventu
945 861 1147 900 defunctus
1165 865 1247 899 erat
1266 860 1433 898 Alexan-

90 924 170 973 der,
205 930 331 963 tamen
352 926 374 943 ¹⁰
389 925 534 963 scivere
563 925 685 976 gentis
717 938 797 963 suae
825 938 942 973 more,
961 937 1007 962 ne
1039 926 1060 942 ¹¹
1075 924 1190 974 pedes
1218 928 1432 971 venaretur,

88 993 157 1025 aut
175 987 257 1025 sine
276 987 432 1026 delectis
450 988 676 1038 principum,
696 988 986 1039 amicorumque.
1043 987 1119 1026 Ille
1137 992 1304 1038 quatuor
1322 986 1433 1024 milli-

89 1050 159 1088 bus
178 1051 345 1088 ferarum
363 1050 531 1100 dejectis,
552 1051 592 1088 in
613 1050 744 1088 eodem
764 1050 866 1088 saltu
894 1063 979 1088 cum
1007 1055 1090 1088 toto
1119 1050 1290 1088 exercitu
1309 1049 1433 1100 epula-

89 1119 150 1151 tus
169 1117 236 1152 est.
1435 1163 1438 1165 Α

166 1180 200 1216 3.
230 1175 326 1215 Inde
341 1176 574 1215 Maracanda
592 1176 756 1214 reditum
775 1180 833 1214 est
849 1189 856 1214 :
891 1177 1118 1226 acceptaque
1137 1175 1263 1214 aetatis
1284 1166 1433 1213 excusa-³

89 1240 188 1278 tione
207 1240 255 1278 ab
274 1240 480 1288 Artabazo,
499 1239 732 1290 provinciam
760 1240 844 1289 ejus
871 1238 1039 1276 destinat
1067 1238 1181 1278 Clito.
1238 1239 1315 1276 Hic
1336 1244 1430 1287 erat,

86 1303 152 1355 qui
175 1303 276 1354 apud
310 1302 516 1343 Granicum
542 1315 690 1340 amnem
719 1302 821 1341 nudo
854 1302 979 1352 capite
1011 1302 1158 1353 Regem
1190 1301 1434 1339 dimicantem

87 1366 218 1417 clypco
237 1379 303 1404 suo
323 1365 434 1414 texit,
454 1370 493 1404 et
512 1365 702 1404 Rhosacis
720 1378 874 1403 manum
892 1364 1010 1415 capiti
1037 1364 1158 1416 Regis
1177 1364 1433 1402 imminentem

87 1429 216 1480 gladio
250 1429 487 1480 amputavit3
531 1433 642 1467 vetus
678 1428 852 1479 Philippi
886 1428 1008 1476 miles,
1044 1427 1250 1478 multisque
1287 1427 1432 1467 bellicis

90 1491 267 1541 operibus
287 1491 421 1530 clarus.
470 1491 682 1539 Hellanice‚
697 1504 783 1542 quae
794 1490 1058 1529 Alexandrum
1074 1490 1309 1539 educaverat,
1331 1503 1433 1528 soror

88 1555 182 1603 ejus,
209 1553 311 1592 haud
342 1566 450 1592 secus
478 1556 594 1605 quam
625 1559 749 1591 mater
781 1567 804 1590 a.
835 1553 941 1604 Rege
970 1553 1209 1604 diligebatur.
1268 1553 1329 1593 Ob
1365 1553 1432 1590 has

88 1629 218 1655 causas
237 1616 510 1655 validissimam
537 1616 687 1667 imperii
714 1621 862 1666 partem
888 1615 976 1653 fidei
1002 1617 1085 1665 ejus
1112 1615 1318 1666 tutelaeque
1337 1628 1431 1653 com-

89 1680 204 1718 misit.
262 1680 427 1731 Jamque
453 1680 526 1718 iter
558 1692 693 1730 parare
714 1679 788 1716 ¹²in
821 1683 1015 1729 posterum
1044 1679 1187 1727 jussus,
1209 1677 1363 1715 solemni
1393 1683 1432 1716 et

88 1743 314 1795 tempestivo
342 1744 542 1783 adhibetur
569 1744 751 1783 convivio.
809 1743 857 1782 In
876 1757 950 1796 quo
978 1743 1065 1782 Rex
1092 1755 1176 1780 cum
1197 1743 1219 1761 ¹³
1230 1743 1351 1782 multo
1379 1745 1429 1782 in·

87 1806 266 1845 caluisset
284 1819 398 1855 mero,
418 1807 641 1845 immodicus
662 1807 872 1846 aestimator
901 1810 974 1855 sui,
993 1806 1185 1844 celebrare
1207 1819 1292 1857 quae
1309 1820 1430 1858 gesse-

87 1875 159 1918 rat,
178 1870 308 1921 eoepit;
341 1870 504 1921 ¹⁴gravis
531 1870 647 1908 etiam
675 1883 804 1908 eorum
831 1869 998 1918 auribus,
1018 1869 1082 1921 qui
1111 1869 1324 1908 sentiebant
1342 1883 1431 1908 vera

88 1926 296 1972 memorari.
353 1933 557 1972 Silentium
583 1938 711 1971 tamen
729 1933 896 1972 habuere
922 1933 1101 1982 seniores,
1122 1933 1239 1971 donec
1259 1933 1430 1984 Philippi

88 2009 148 2035 res
166 2009 274 2035 orsus
295 1997 318 2014 ¹⁵
328 1996 512 2046 obterere,
530 1997 697 2037 nobilem
716 1997 817 2048 apud
846 1996 1091 2035 Chaeroneam
1115 1996 1311 2035 victoriam
1332 1997 1356 2015 ¹⁶
1370 1997 1427 2035 sui

88 2059 214 2109 operis
231 2059 349 2098 fuisse
371 2060 545 2110 jactavit,
565 2060 854 2112 ademptamque
875 2060 946 2098 sibi
965 2059 1205 2111 malignitate
1224 2065 1263 2098 et
1281 2060 1424 2098 invidis»

90 2121 214 2173 patris
232 2126 350 2161 tantae
366 2122 423 2161 rei
442 2123 613 2175 gloriam.
671 2123 791 2162 Illum
809 2123 961 2174 quidem
980 2122 1165 2161 seditione
1183 2122 1285 2161 inter
1305 2123 1425 2161 Macc-

90 2185 205 2222 dones
235 2185 376 2223 milites
407 2190 446 2223 et
477 2185 631 2226 Graecos
669 2187 919 2225 mercenarios
951 2188 1046 2235 orta,
1077 2185 1318 2225 debilitatum
1349 2185 1427 2223 vul-

89 2260 190 2295 nere,
219 2247 319 2298 quod
350 2247 390 2285 in
421 2251 467 2286 ea
499 2249 800 2288 consternatione
833 2254 1040 2300 acceperat,
1076 2250 1099 2266 ¹⁷
1109 2249 1286 2299 jacuisse,
1320 2249 1428 2285 ¹‘non

91 2311 188 2348 alias
205 2312 320 2362 quam
352 2310 588 2350 simulatione
613 2313 746 2351 mortis
774 2313 979 2351 tutiorem:
1008 2326 1047 2351 se
1073 2325 1210 2363 eorpus
1239 2313 1320 2361 ejus
1348 2324 1428 2360 pro-

92 2374 232 2412 texisse
252 2373 380 2424 clypeo
401 2386 480 2421 su0,
500 2379 724 2427 ruentesque
745 2376 783 2413 in
800 2377 908 2414 illum
923 2379 991 2413 sua
1007 2389 1119 2413 manu
1137 2375 1288 2413 occisos.
1333 2373 1428 2418 Qua>

92 2443 238 2488 patrem
258 2450 448 2488 nunquam
471 2439 494 2455 ¹⁹
513 2451 619 2489 aequo
639 2439 763 2477 animo
783 2452 863 2477 esse
891 2440 1113 2486 confessum,
1134 2439 1158 2456 ²⁶
1172 2438 1333 2475 invitum
1352 2436 1429 2474 filio
