<?xml version="1.0" encoding="UTF-8"?>
<!DOCTYPE html PUBLIC "-//W3C//DTD XHTML 1.0 Transitional//EN"
    "http://www.w3.org/TR/xhtml1/DTD/xhtml1-transitional.dtd">
<html xmlns="http://www.w3.org/1999/xhtml" xml:lang="en" lang="en">
 <head>
  <title>
</title>
<meta http-equiv="Content-Type" content="text/html;charset=utf-8" />
  <meta name='ocr-system' content='tesseract 3.04.00' />
  <meta name='ocr-capabilities' content='ocr_page ocr_carea ocr_par ocr_line ocrx_word'/>
</head>
<body>
  <div class='ocr_page' id='page_1' title='image "./lifeexploitsofal00curtuoft/lifeexploitsofal00curtuoft_0276.png"; bbox 0 0 1583 2680; ppageno 0'>
   <div class='ocr_carea' id='block_1_1' title="bbox 83 145 957 189">
    <p class='ocr_par' dir='ltr' id='par_1_1' title="bbox 83 145 957 189">
     <span class='ocr_line' id='line_1_1' title="bbox 83 145 957 189; baseline 0.001 -7"><span class='ocrx_word' id='word_1_1' title='bbox 83 145 160 182; x_wconf 82' lang='lat'><strong>266</strong></span> <span class='ocrx_word' id='word_1_2' title='bbox 549 157 734 189; x_wconf 83' lang='lat' dir='ltr'><strong>QUINTI</strong></span> <span class='ocrx_word' id='word_1_3' title='bbox 775 158 957 183; x_wconf 74' lang='lat' dir='ltr'><strong>cunrn</strong></span> 
     </span>
    </p>
   </div>
   <div class='ocr_carea' id='block_1_2' title="bbox 75 247 1428 2524">
    <p class='ocr_par' dir='ltr' id='par_1_2' title="bbox 75 247 1427 1630">
     <span class='ocr_line' id='line_1_2' title="bbox 82 247 1422 302; baseline 0.004 -16"><span class='ocrx_word' id='word_1_4' title='bbox 82 247 249 287; x_wconf 87' lang='lat' dir='ltr'><strong>Leonati</strong></span> <span class='ocrx_word' id='word_1_5' title='bbox 267 248 505 299; x_wconf 79' lang='lat' dir='ltr'><strong>provinciam</strong></span> <span class='ocrx_word' id='word_1_6' title='bbox 525 262 607 288; x_wconf 85' lang='lat' dir='ltr'><strong>esse</strong></span> <span class='ocrx_word' id='word_1_7' title='bbox 623 251 831 300; x_wconf 89' lang='lat' dir='ltr'><strong>jusserunt.</strong></span> <span class='ocrx_word' id='word_1_8' title='bbox 891 250 1132 302; x_wconf 82' lang='lat' dir='ltr'>Cappadocia</span> <span class='ocrx_word' id='word_1_9' title='bbox 1153 251 1319 290; x_wconf 81' lang='lat' dir='ltr'><strong>Eumeni</strong></span> <span class='ocrx_word' id='word_1_10' title='bbox 1339 265 1422 292; x_wconf 84' lang='lat' dir='ltr'><strong>eum</strong></span> 
     </span>
     <span class='ocr_line' id='line_1_3' title="bbox 81 311 1424 367; baseline 0.004 -19"><span class='ocrx_word' id='word_1_11' title='bbox 81 311 345 363; x_wconf 68' lang='lat' dir='ltr'><strong>Paphlagonia.</strong></span> <span class='ocrx_word' id='word_1_12' title='bbox 365 313 490 350; x_wconf 87' lang='lat' dir='ltr'><strong>cessit.</strong></span> <span class='ocrx_word' id='word_1_13' title='bbox 547 313 792 364; x_wconf 74' lang='lat' dir='ltr'>Praeceptum</span> <span class='ocrx_word' id='word_1_14' title='bbox 808 318 876 363; x_wconf 83' lang='lat' dir='ltr'><strong>est,</strong></span> <span class='ocrx_word' id='word_1_15' title='bbox 895 319 942 352; x_wconf 90' lang='lat' dir='ltr'><strong>ut</strong></span> <span class='ocrx_word' id='word_1_16' title='bbox 970 315 1162 365; x_wconf 79' lang='lat' dir='ltr'>regionem</span> <span class='ocrx_word' id='word_1_17' title='bbox 1190 328 1274 352; x_wconf 88' lang='lat' dir='ltr'><strong>eam</strong></span> <span class='ocrx_word' id='word_1_18' title='bbox 1300 329 1424 367; x_wconf 83' lang='lat' dir='ltr'><strong>usque</strong></span> 
     </span>
     <span class='ocr_line' id='line_1_4' title="bbox 79 374 1420 429; baseline 0.002 -18"><span class='ocrx_word' id='word_1_19' title='bbox 79 374 128 411; x_wconf 86' lang='lat' dir='ltr'><strong>ad</strong></span> <span class='ocrx_word' id='word_1_20' title='bbox 161 374 403 426; x_wconf 83' lang='lat' dir='ltr'><strong>Trapezunta</strong></span> <span class='ocrx_word' id='word_1_21' title='bbox 437 376 671 424; x_wconf 87' lang='lat' dir='ltr'><strong>defenderet,</strong></span> <span class='ocrx_word' id='word_1_22' title='bbox 699 376 843 415; x_wconf 90' lang='lat' dir='ltr'><strong>bellum</strong></span> <span class='ocrx_word' id='word_1_23' title='bbox 876 390 963 414; x_wconf 89' lang='lat' dir='ltr'><strong>eum</strong></span> <span class='ocrx_word' id='word_1_24' title='bbox 1014 377 1222 415; x_wconf 73' lang='lat' dir='ltr'><strong>Ariarathe</strong></span> <span class='ocrx_word' id='word_1_25' title='bbox 1260 382 1420 429; x_wconf 77' lang='lat' dir='ltr'><strong>gereret.</strong></span> 
     </span>
     <span class='ocr_line' id='line_1_5' title="bbox 80 438 1422 492; baseline 0.002 -16"><span class='ocrx_word' id='word_1_26' title='bbox 80 438 193 476; x_wconf 84' lang='lat' dir='ltr'><strong>Solus</strong></span> <span class='ocrx_word' id='word_1_27' title='bbox 227 439 288 477; x_wconf 88' lang='lat' dir='ltr'><strong>hic</strong></span> <span class='ocrx_word' id='word_1_28' title='bbox 317 439 557 478; x_wconf 74' lang='lat' dir='ltr'><strong>detrectabat</strong></span> <span class='ocrx_word' id='word_1_29' title='bbox 586 440 800 490; x_wconf 87' lang='lat' dir='ltr'><strong>imperium.</strong></span> <span class='ocrx_word' id='word_1_30' title='bbox 859 441 1004 479; x_wconf 83' lang='lat' dir='ltr'><strong>Pithon</strong></span> <span class='ocrx_word' id='word_1_31' title='bbox 1037 441 1220 490; x_wconf 84' lang='lat' dir='ltr'><strong>Mediam,</strong></span> <span class='ocrx_word' id='word_1_32' title='bbox 1251 441 1422 492; x_wconf 74' lang='lat' dir='ltr'><strong>Lysima-</strong></span> 
     </span>
     <span class='ocr_line' id='line_1_6' title="bbox 79 496 1426 555; baseline 0.002 -16"><span class='ocrx_word' id='word_1_33' title='bbox 79 501 171 539; x_wconf 86' lang='lat' dir='ltr'><strong>chus</strong></span> <span class='ocrx_word' id='word_1_34' title='bbox 194 502 398 540; x_wconf 78' lang='lat' dir='ltr'>Thraciam</span> <span class='ocrx_word' id='word_1_35' title='bbox 418 503 686 554; x_wconf 86' lang='lat' dir='ltr'><strong>appositasque</strong></span> <span class='ocrx_word' id='word_1_36' title='bbox 708 503 880 542; x_wconf 79' lang='lat' dir='ltr'><strong>Thraciae</strong></span> <span class='ocrx_word' id='word_1_37' title='bbox 896 503 1080 542; x_wconf 87' lang='lat' dir='ltr'><strong>Ponticas</strong></span> <span class='ocrx_word' id='word_1_38' title='bbox 1096 509 1230 555; x_wconf 80' lang='lat' dir='ltr'><strong>gentes</strong></span> <span class='ocrx_word' id='word_1_39' title='bbox 1250 496 1426 543; x_wconf 36' lang='lat' dir='ltr'><strong>obtinere*</strong></span> 
     </span>
     <span class='ocr_line' id='line_1_7' title="bbox 87 565 1422 618; baseline 0.002 -17"><span class='ocrx_word' id='word_1_40' title='bbox 87 565 196 614; x_wconf 86' lang='lat' dir='ltr'><strong>jussi.</strong></span> <span class='ocrx_word' id='word_1_41' title='bbox 254 565 265 582; x_wconf 81' lang='lat'>³</span> <span class='ocrx_word' id='word_1_42' title='bbox 279 565 356 611; x_wconf 84' lang='lat' dir='ltr'><strong>Qui</strong></span> <span class='ocrx_word' id='word_1_43' title='bbox 377 565 513 614; x_wconf 85' lang='lat' dir='ltr'><strong>Indiae,</strong></span> <span class='ocrx_word' id='word_1_44' title='bbox 533 567 675 617; x_wconf 76' lang='lat' dir='ltr'><strong>quique</strong></span> <span class='ocrx_word' id='word_1_45' title='bbox 705 566 860 604; x_wconf 85' lang='lat' dir='ltr'><strong>Bactris</strong></span> <span class='ocrx_word' id='word_1_46' title='bbox 881 571 920 604; x_wconf 92' lang='lat' dir='ltr'><strong>et</strong></span> <span class='ocrx_word' id='word_1_47' title='bbox 950 566 1166 618; x_wconf 83' lang='lat' dir='ltr'>Sogdianis,</span> <span class='ocrx_word' id='word_1_48' title='bbox 1187 567 1422 618; x_wconf 81' lang='lat' dir='ltr'><strong>caeterisque,</strong></span> 
     </span>
     <span class='ocr_line' id='line_1_8' title="bbox 78 627 1422 681; baseline 0.003 -18"><span class='ocrx_word' id='word_1_49' title='bbox 78 632 145 664; x_wconf 88' lang='lat' dir='ltr'><strong>aut</strong></span> <span class='ocrx_word' id='word_1_50' title='bbox 168 627 324 677; x_wconf 85' lang='lat' dir='ltr'><strong>Oceani,</strong></span> <span class='ocrx_word' id='word_1_51' title='bbox 346 634 413 666; x_wconf 89' lang='lat' dir='ltr'><strong>aut</strong></span> <span class='ocrx_word' id='word_1_52' title='bbox 441 629 549 667; x_wconf 83' lang='lat' dir='ltr'>rubri</span> <span class='ocrx_word' id='word_1_53' title='bbox 568 629 685 666; x_wconf 87' lang='lat' dir='ltr'><strong>maris</strong></span> <span class='ocrx_word' id='word_1_54' title='bbox 705 629 844 666; x_wconf 78' lang='lat' dir='ltr'>accolis</span> <span class='ocrx_word' id='word_1_55' title='bbox 873 634 1074 679; x_wconf 78' lang='lat' dir='ltr'><strong>praeerant,</strong></span> <span class='ocrx_word' id='word_1_56' title='bbox 1095 630 1235 680; x_wconf 88' lang='lat' dir='ltr'><strong>quibus</strong></span> <span class='ocrx_word' id='word_1_57' title='bbox 1263 630 1422 681; x_wconf 86' lang='lat' dir='ltr'><strong>quisque</strong></span> 
     </span>
     <span class='ocr_line' id='line_1_9' title="bbox 76 691 1421 742; baseline 0.002 -15"><span class='ocrx_word' id='word_1_58' title='bbox 76 691 216 729; x_wconf 88' lang='lat' dir='ltr'><strong>finibus</strong></span> <span class='ocrx_word' id='word_1_59' title='bbox 254 691 463 740; x_wconf 81' lang='lat' dir='ltr'><strong>habuisset,</strong></span> <span class='ocrx_word' id='word_1_60' title='bbox 496 692 647 742; x_wconf 86' lang='lat' dir='ltr'><strong>imperii</strong></span> <span class='ocrx_word' id='word_1_61' title='bbox 679 692 795 729; x_wconf 89' lang='lat' dir='ltr'><strong>etiam</strong></span> <span class='ocrx_word' id='word_1_62' title='bbox 828 693 893 742; x_wconf 86' lang='lat' dir='ltr'><strong>jus</strong></span> <span class='ocrx_word' id='word_1_63' title='bbox 931 692 1135 730; x_wconf 87' lang='lat' dir='ltr'><strong>obtineret.</strong></span> <span class='ocrx_word' id='word_1_64' title='bbox 1211 693 1421 730; x_wconf 84' lang='lat' dir='ltr'><strong>Decretum</strong></span> 
     </span>
     <span class='ocr_line' id='line_1_10' title="bbox 77 755 1424 807; baseline 0.001 -15"><span class='ocrx_word' id='word_1_65' title='bbox 77 760 147 802; x_wconf 84' lang='lat' dir='ltr'><strong>est,</strong></span> <span class='ocrx_word' id='word_1_66' title='bbox 178 759 224 792; x_wconf 91' lang='lat' dir='ltr'><strong>ut</strong></span> <span class='ocrx_word' id='word_1_67' title='bbox 256 755 463 793; x_wconf 83' lang='lat' dir='ltr'><strong>Perdiccas</strong></span> <span class='ocrx_word' id='word_1_68' title='bbox 483 769 568 792; x_wconf 86' lang='lat' dir='ltr'><strong>cum</strong></span> <span class='ocrx_word' id='word_1_69' title='bbox 605 755 714 806; x_wconf 80' lang='lat' dir='ltr'><strong>Rege</strong></span> <span class='ocrx_word' id='word_1_70' title='bbox 744 759 857 804; x_wconf 86' lang='lat' dir='ltr'><strong>esset,</strong></span> <span class='ocrx_word' id='word_1_71' title='bbox 889 755 1084 807; x_wconf 85' lang='lat' dir='ltr'><strong>copiisque</strong></span> <span class='ocrx_word' id='word_1_72' title='bbox 1118 760 1311 806; x_wconf 84' lang='lat' dir='ltr'><strong>praeesset,</strong></span> <span class='ocrx_word' id='word_1_73' title='bbox 1340 769 1424 807; x_wconf 85' lang='lat' dir='ltr'><strong>quae</strong></span> 
     </span>
     <span class='ocr_line' id='line_1_11' title="bbox 77 817 1423 870; baseline 0.001 -15"><span class='ocrx_word' id='word_1_74' title='bbox 77 817 226 868; x_wconf 82' lang='lat' dir='ltr'><strong>Regem</strong></span> <span class='ocrx_word' id='word_1_75' title='bbox 265 819 533 869; x_wconf 86' lang='lat' dir='ltr'><strong>sequebantur.</strong></span> <span class='ocrx_word' id='word_1_76' title='bbox 605 818 815 857; x_wconf 67' lang='lat' dir='ltr'><strong>Credidere</strong></span> <span class='ocrx_word' id='word_1_77' title='bbox 849 819 1005 870; x_wconf 77' lang='lat' dir='ltr'><strong>quidam</strong></span> <span class='ocrx_word' id='word_1_78' title='bbox 1042 823 1273 858; x_wconf 89' lang='lat' dir='ltr'><strong>testamento</strong></span> <span class='ocrx_word' id='word_1_79' title='bbox 1306 819 1423 857; x_wconf 86' lang='lat' dir='ltr'><strong>Alex-</strong></span> 
     </span>
     <span class='ocr_line' id='line_1_12' title="bbox 76 881 1423 935; baseline 0.002 -18"><span class='ocrx_word' id='word_1_80' title='bbox 76 881 187 918; x_wconf 80' lang='lat' dir='ltr'><strong>andri</strong></span> <span class='ocrx_word' id='word_1_81' title='bbox 215 881 444 920; x_wconf 86' lang='lat' dir='ltr'><strong>distributas</strong></span> <span class='ocrx_word' id='word_1_82' title='bbox 466 895 548 920; x_wconf 88' lang='lat' dir='ltr'><strong>esse</strong></span> <span class='ocrx_word' id='word_1_83' title='bbox 578 882 807 933; x_wconf 88' lang='lat' dir='ltr'><strong>provincias,</strong></span> <span class='ocrx_word' id='word_1_84' title='bbox 829 882 898 920; x_wconf 88' lang='lat' dir='ltr'><strong>sed</strong></span> <span class='ocrx_word' id='word_1_85' title='bbox 929 883 1071 935; x_wconf 87' lang='lat' dir='ltr'><strong>famam</strong></span> <span class='ocrx_word' id='word_1_86' title='bbox 1105 884 1188 933; x_wconf 88' lang='lat' dir='ltr'><strong>ejus</strong></span> <span class='ocrx_word' id='word_1_87' title='bbox 1215 883 1272 921; x_wconf 87' lang='lat' dir='ltr'><strong>rei</strong></span> <span class='ocrx_word' id='word_1_88' title='bbox 1293 882 1423 934; x_wconf 88' lang='lat' dir='ltr'><strong>(quan-</strong></span> 
     </span>
     <span class='ocr_line' id='line_1_13' title="bbox 76 945 1422 997; baseline 0.002 -16"><span class='ocrx_word' id='word_1_89' title='bbox 76 958 191 995; x_wconf 85' lang='lat' dir='ltr'><strong>quam</strong></span> <span class='ocrx_word' id='word_1_90' title='bbox 221 945 269 983; x_wconf 88' lang='lat' dir='ltr'><strong>ab</strong></span> <span class='ocrx_word' id='word_1_91' title='bbox 301 946 522 985; x_wconf 87' lang='lat' dir='ltr'><strong>auctoribus</strong></span> <span class='ocrx_word' id='word_1_92' title='bbox 555 946 701 984; x_wconf 86' lang='lat' dir='ltr'><strong>tradita</strong></span> <span class='ocrx_word' id='word_1_93' title='bbox 732 947 806 997; x_wconf 87' lang='lat' dir='ltr'><strong>est)</strong></span> <span class='ocrx_word' id='word_1_94' title='bbox 835 946 995 984; x_wconf 77' lang='lat' dir='ltr'><strong>⁴vanam</strong></span> <span class='ocrx_word' id='word_1_95' title='bbox 1015 946 1135 984; x_wconf 87' lang='lat' dir='ltr'><strong>fuisse</strong></span> <span class='ocrx_word' id='word_1_96' title='bbox 1159 947 1422 997; x_wconf 87' lang='lat' dir='ltr'><strong>comperimus.</strong></span> 
     </span>
     <span class='ocr_line' id='line_1_14' title="bbox 78 1008 1425 1061; baseline 0.001 -15"><span class='ocrx_word' id='word_1_97' title='bbox 78 1008 133 1045; x_wconf 88' lang='lat' dir='ltr'><strong>Et</strong></span> <span class='ocrx_word' id='word_1_98' title='bbox 160 1008 316 1060; x_wconf 86' lang='lat' dir='ltr'><strong>quidem</strong></span> <span class='ocrx_word' id='word_1_99' title='bbox 347 1021 435 1047; x_wconf 82' lang='lat' dir='ltr'><strong>suas</strong></span> <span class='ocrx_word' id='word_1_100' title='bbox 465 1009 627 1061; x_wconf 84' lang='lat' dir='ltr'><strong>quisque</strong></span> <span class='ocrx_word' id='word_1_101' title='bbox 659 1022 761 1060; x_wconf 89' lang='lat' dir='ltr'><strong>opes,</strong></span> <span class='ocrx_word' id='word_1_102' title='bbox 783 1009 920 1048; x_wconf 88' lang='lat' dir='ltr'><strong>divisis</strong></span> <span class='ocrx_word' id='word_1_103' title='bbox 951 1010 1104 1060; x_wconf 88' lang='lat' dir='ltr'><strong>imperii</strong></span> <span class='ocrx_word' id='word_1_104' title='bbox 1133 1010 1322 1060; x_wconf 82' lang='lat' dir='ltr'><strong>partibus,</strong></span> <span class='ocrx_word' id='word_1_105' title='bbox 1342 1014 1425 1048; x_wconf 88' lang='lat' dir='ltr'><strong>tue-</strong></span> 
     </span>
     <span class='ocr_line' id='line_1_15' title="bbox 76 1071 1424 1125; baseline 0.001 -16"><span class='ocrx_word' id='word_1_106' title='bbox 76 1071 227 1123; x_wconf 86' lang='lat' dir='ltr'><strong>bantur,</strong></span> <span class='ocrx_word' id='word_1_107' title='bbox 247 1086 342 1124; x_wconf 90' lang='lat' dir='ltr'><strong>quas</strong></span> <span class='ocrx_word' id='word_1_108' title='bbox 358 1073 433 1123; x_wconf 86' lang='lat' dir='ltr'><strong>ipsi</strong></span> <span class='ocrx_word' id='word_1_109' title='bbox 451 1073 717 1122; x_wconf 86' lang='lat' dir='ltr'><strong>fundaverant,</strong></span> <span class='ocrx_word' id='word_1_110' title='bbox 738 1073 772 1111; x_wconf 90' lang='lat' dir='ltr'><strong>si</strong></span> <span class='ocrx_word' id='word_1_111' title='bbox 798 1086 968 1125; x_wconf 81' lang='lat' dir='ltr'><strong>unquam</strong></span> <span class='ocrx_word' id='word_1_112' title='bbox 988 1073 1170 1112; x_wconf 85' lang='lat' dir='ltr'><strong>adversus</strong></span> <span class='ocrx_word' id='word_1_113' title='bbox 1199 1073 1424 1111; x_wconf 83' lang='lat' dir='ltr'><strong>immodicas</strong></span> 
     </span>
     <span class='ocr_line' id='line_1_16' title="bbox 76 1135 1424 1187; baseline 0.001 -14"><span class='ocrx_word' id='word_1_114' title='bbox 76 1136 307 1186; x_wconf 88' lang='lat' dir='ltr'><strong>cupiditates</strong></span> <span class='ocrx_word' id='word_1_115' title='bbox 338 1137 528 1174; x_wconf 88' lang='lat' dir='ltr'><strong>terminus</strong></span> <span class='ocrx_word' id='word_1_116' title='bbox 558 1141 690 1175; x_wconf 86' lang='lat' dir='ltr'><strong>staret.</strong></span> <span class='ocrx_word' id='word_1_117' title='bbox 749 1135 901 1187; x_wconf 86' lang='lat' dir='ltr'><strong>Quippe</strong></span> <span class='ocrx_word' id='word_1_118' title='bbox 932 1137 1049 1187; x_wconf 72' lang='lat' dir='ltr'><strong>paulo</strong></span> <span class='ocrx_word' id='word_1_119' title='bbox 1071 1138 1162 1174; x_wconf 76' lang='lat' dir='ltr'><strong>ante</strong></span> <span class='ocrx_word' id='word_1_120' title='bbox 1192 1136 1313 1187; x_wconf 85' lang='lat' dir='ltr'><strong>Regis</strong></span> <span class='ocrx_word' id='word_1_121' title='bbox 1331 1136 1424 1174; x_wconf 90' lang='lat' dir='ltr'><strong>min-</strong></span> 
     </span>
     <span class='ocr_line' id='line_1_17' title="bbox 75 1199 1426 1251; baseline 0.001 -15"><span class='ocrx_word' id='word_1_122' title='bbox 75 1199 175 1248; x_wconf 87' lang='lat' dir='ltr'><strong>istri,</strong></span> <span class='ocrx_word' id='word_1_123' title='bbox 197 1199 345 1250; x_wconf 81' lang='lat' dir='ltr'><strong>⁵specie</strong></span> <span class='ocrx_word' id='word_1_124' title='bbox 365 1200 519 1251; x_wconf 83' lang='lat' dir='ltr'><strong>imperii</strong></span> <span class='ocrx_word' id='word_1_125' title='bbox 539 1200 653 1237; x_wconf 92' lang='lat' dir='ltr'><strong>alieni</strong></span> <span class='ocrx_word' id='word_1_126' title='bbox 680 1199 924 1250; x_wconf 88' lang='lat' dir='ltr'><strong>procurandi,</strong></span> <span class='ocrx_word' id='word_1_127' title='bbox 945 1199 1087 1251; x_wconf 83' lang='lat' dir='ltr'><strong>singuli</strong></span> <span class='ocrx_word' id='word_1_128' title='bbox 1115 1199 1286 1250; x_wconf 86' lang='lat' dir='ltr'><strong>ingentia</strong></span> <span class='ocrx_word' id='word_1_129' title='bbox 1304 1199 1426 1239; x_wconf 85' lang='lat' dir='ltr'><strong>invas-</strong></span> 
     </span>
     <span class='ocr_line' id='line_1_18' title="bbox 77 1262 1424 1312; baseline 0 -13"><span class='ocrx_word' id='word_1_130' title='bbox 77 1266 187 1299; x_wconf 87' lang='lat' dir='ltr'><strong>erant</strong></span> <span class='ocrx_word' id='word_1_131' title='bbox 217 1275 346 1312; x_wconf 87' lang='lat' dir='ltr'><strong>regna,</strong></span> <span class='ocrx_word' id='word_1_132' title='bbox 369 1262 532 1301; x_wconf 84' lang='lat' dir='ltr'><strong>sublatis</strong></span> <span class='ocrx_word' id='word_1_133' title='bbox 564 1262 816 1300; x_wconf 89' lang='lat' dir='ltr'><strong>certaminum</strong></span> <span class='ocrx_word' id='word_1_134' title='bbox 846 1262 982 1310; x_wconf 89' lang='lat' dir='ltr'><strong>causis,</strong></span> <span class='ocrx_word' id='word_1_135' title='bbox 1004 1263 1093 1299; x_wconf 75' lang='lat' dir='ltr'><strong>eum</strong></span> <span class='ocrx_word' id='word_1_136' title='bbox 1121 1266 1160 1299; x_wconf 88' lang='lat' dir='ltr'><strong>et</strong></span> <span class='ocrx_word' id='word_1_137' title='bbox 1179 1274 1308 1300; x_wconf 87' lang='lat' dir='ltr'><strong>omnes</strong></span> <span class='ocrx_word' id='word_1_138' title='bbox 1328 1263 1424 1312; x_wconf 88' lang='lat' dir='ltr'><strong>ejus-</strong></span> 
     </span>
     <span class='ocr_line' id='line_1_19' title="bbox 78 1320 1426 1376; baseline 0 -14"><span class='ocrx_word' id='word_1_139' title='bbox 78 1325 164 1362; x_wconf 89' lang='lat' dir='ltr'><strong>dem</strong></span> <span class='ocrx_word' id='word_1_140' title='bbox 182 1325 310 1375; x_wconf 86' lang='lat' dir='ltr'><strong>gentis</strong></span> <span class='ocrx_word' id='word_1_141' title='bbox 343 1329 482 1372; x_wconf 88' lang='lat' dir='ltr'><strong>essent,</strong></span> <span class='ocrx_word' id='word_1_142' title='bbox 503 1329 543 1363; x_wconf 91' lang='lat' dir='ltr'><strong>et</strong></span> <span class='ocrx_word' id='word_1_143' title='bbox 567 1338 590 1362; x_wconf 90' lang='lat' dir='ltr'><strong>a</strong></span> <span class='ocrx_word' id='word_1_144' title='bbox 609 1325 771 1373; x_wconf 80' lang='lat' dir='ltr'><strong>caeteriS,</strong></span> <span class='ocrx_word' id='word_1_145' title='bbox 793 1325 854 1363; x_wconf 89' lang='lat' dir='ltr'><strong>sui</strong></span> <span class='ocrx_word' id='word_1_146' title='bbox 885 1325 1047 1376; x_wconf 83' lang='lat' dir='ltr'><strong>quisque</strong></span> <span class='ocrx_word' id='word_1_147' title='bbox 1078 1320 1229 1375; x_wconf 83' lang='lat' dir='ltr'><strong>imperii</strong></span> <span class='ocrx_word' id='word_1_148' title='bbox 1258 1325 1426 1375; x_wconf 83' lang='lat' dir='ltr'><strong>regione,</strong></span> 
     </span>
     <span class='ocr_line' id='line_1_20' title="bbox 77 1387 1427 1439; baseline 0 -14"><span class='ocrx_word' id='word_1_149' title='bbox 77 1388 246 1426; x_wconf 86' lang='lat' dir='ltr'><strong>disereti.</strong></span> <span class='ocrx_word' id='word_1_150' title='bbox 305 1388 384 1427; x_wconf 84' lang='lat' dir='ltr'><strong>Sed</strong></span> <span class='ocrx_word' id='word_1_151' title='bbox 415 1388 568 1426; x_wconf 87' lang='lat' dir='ltr'><strong>difficile</strong></span> <span class='ocrx_word' id='word_1_152' title='bbox 596 1393 679 1426; x_wconf 87' lang='lat' dir='ltr'><strong>erat</strong></span> <span class='ocrx_word' id='word_1_153' title='bbox 698 1400 742 1426; x_wconf 82' lang='lat' dir='ltr'><strong>eo</strong></span> <span class='ocrx_word' id='word_1_154' title='bbox 762 1393 962 1426; x_wconf 88' lang='lat' dir='ltr'><strong>contentos</strong></span> <span class='ocrx_word' id='word_1_155' title='bbox 983 1401 1077 1436; x_wconf 88' lang='lat' dir='ltr'><strong>esse,</strong></span> <span class='ocrx_word' id='word_1_156' title='bbox 1098 1388 1201 1439; x_wconf 88' lang='lat' dir='ltr'><strong>quod</strong></span> <span class='ocrx_word' id='word_1_157' title='bbox 1231 1387 1427 1426; x_wconf 86' lang='lat' dir='ltr'><strong>obtulerat</strong></span> 
     </span>
     <span class='ocr_line' id='line_1_21' title="bbox 77 1452 1424 1503; baseline -0.001 -13"><span class='ocrx_word' id='word_1_158' title='bbox 77 1452 250 1490; x_wconf 82' lang='lat' dir='ltr'><strong>occasio:</strong></span> <span class='ocrx_word' id='word_1_159' title='bbox 280 1452 421 1503; x_wconf 88' lang='lat' dir='ltr'><strong>quippe</strong></span> <span class='ocrx_word' id='word_1_160' title='bbox 435 1452 592 1490; x_wconf 88' lang='lat' dir='ltr'><strong>sordent</strong></span> <span class='ocrx_word' id='word_1_161' title='bbox 611 1452 734 1502; x_wconf 85' lang='lat' dir='ltr'><strong>prima</strong></span> <span class='ocrx_word' id='word_1_162' title='bbox 752 1465 924 1502; x_wconf 79' lang='lat' dir='ltr'><strong>quaeque,</strong></span> <span class='ocrx_word' id='word_1_163' title='bbox 939 1452 1029 1489; x_wconf 71' lang='lat' dir='ltr'><strong>esim</strong></span> <span class='ocrx_word' id='word_1_164' title='bbox 1047 1453 1194 1501; x_wconf 88' lang='lat' dir='ltr'><strong>majora</strong></span> <span class='ocrx_word' id='word_1_165' title='bbox 1214 1456 1424 1502; x_wconf 86' lang='lat' dir='ltr'><strong>sperantur.</strong></span> 
     </span>
     <span class='ocr_line' id='line_1_22' title="bbox 78 1515 1427 1567; baseline -0.001 -14"><span class='ocrx_word' id='word_1_166' title='bbox 78 1515 216 1567; x_wconf 87' lang='lat' dir='ltr'><strong>Itaque</strong></span> <span class='ocrx_word' id='word_1_167' title='bbox 249 1515 424 1555; x_wconf 88' lang='lat' dir='ltr'><strong>omnibus</strong></span> <span class='ocrx_word' id='word_1_168' title='bbox 457 1515 704 1566; x_wconf 80' lang='lat' dir='ltr'><strong>⁶expeditius</strong></span> <span class='ocrx_word' id='word_1_169' title='bbox 741 1515 947 1553; x_wconf 78' lang='lat' dir='ltr'><strong>videbatur</strong></span> <span class='ocrx_word' id='word_1_170' title='bbox 981 1527 1120 1564; x_wconf 83' lang='lat' dir='ltr'><strong>augere</strong></span> <span class='ocrx_word' id='word_1_171' title='bbox 1150 1527 1280 1566; x_wconf 83' lang='lat' dir='ltr'><strong>regna,</strong></span> <span class='ocrx_word' id='word_1_172' title='bbox 1311 1515 1427 1566; x_wconf 70' lang='lat' dir='ltr'><strong>quam</strong></span> 
     </span>
     <span class='ocr_line' id='line_1_23' title="bbox 75 1579 420 1630; baseline 0.003 -14"><span class='ocrx_word' id='word_1_173' title='bbox 75 1579 215 1617; x_wconf 83' lang='lat' dir='ltr'><strong>fuisset</strong></span> <span class='ocrx_word' id='word_1_174' title='bbox 239 1579 420 1630; x_wconf 89' lang='lat' dir='ltr'><strong>accipere.</strong></span> 
     </span>
    </p>

    <p class='ocr_par' dir='ltr' id='par_1_3' title="bbox 76 1641 1428 2524">
     <span class='ocr_line' id='line_1_24' title="bbox 155 1641 1427 1693; baseline -0.001 -13"><span class='ocrx_word' id='word_1_175' title='bbox 155 1645 216 1681; x_wconf 74' lang='lat'><strong>26.</strong></span> <span class='ocrx_word' id='word_1_176' title='bbox 250 1643 447 1693; x_wconf 84' lang='lat' dir='ltr'><strong>Septimus</strong></span> <span class='ocrx_word' id='word_1_177' title='bbox 478 1642 561 1680; x_wconf 91' lang='lat' dir='ltr'><strong>dies</strong></span> <span class='ocrx_word' id='word_1_178' title='bbox 592 1646 686 1691; x_wconf 85' lang='lat' dir='ltr'><strong>erat,</strong></span> <span class='ocrx_word' id='word_1_179' title='bbox 708 1655 755 1679; x_wconf 81' lang='lat' dir='ltr'><strong>ex</strong></span> <span class='ocrx_word' id='word_1_180' title='bbox 785 1654 861 1692; x_wconf 88' lang='lat' dir='ltr'><strong>quo</strong></span> <span class='ocrx_word' id='word_1_181' title='bbox 896 1653 1034 1692; x_wconf 89' lang='lat' dir='ltr'><strong>eorpus</strong></span> <span class='ocrx_word' id='word_1_182' title='bbox 1054 1641 1176 1692; x_wconf 85' lang='lat' dir='ltr'><strong>Regis</strong></span> <span class='ocrx_word' id='word_1_183' title='bbox 1206 1641 1360 1691; x_wconf 88' lang='lat' dir='ltr'><strong>jacebat</strong></span> <span class='ocrx_word' id='word_1_184' title='bbox 1387 1641 1427 1679; x_wconf 91' lang='lat' dir='ltr'><strong>in</strong></span> 
     </span>
     <span class='ocr_line' id='line_1_25' title="bbox 76 1704 1426 1756; baseline -0.001 -13"><span class='ocrx_word' id='word_1_185' title='bbox 76 1705 196 1756; x_wconf 67' lang='lat' dir='ltr'><strong>solio,</strong></span> <span class='ocrx_word' id='word_1_186' title='bbox 227 1706 330 1744; x_wconf 85' lang='lat' dir='ltr'><strong>curis</strong></span> <span class='ocrx_word' id='word_1_187' title='bbox 360 1706 530 1745; x_wconf 90' lang='lat' dir='ltr'><strong>omnium</strong></span> <span class='ocrx_word' id='word_1_188' title='bbox 561 1705 610 1743; x_wconf 86' lang='lat' dir='ltr'><strong>ad</strong></span> <span class='ocrx_word' id='word_1_189' title='bbox 640 1705 882 1744; x_wconf 81' lang='lat' dir='ltr'><strong>formandum</strong></span> <span class='ocrx_word' id='word_1_190' title='bbox 910 1704 1108 1755; x_wconf 90' lang='lat' dir='ltr'><strong>publicum</strong></span> <span class='ocrx_word' id='word_1_191' title='bbox 1135 1709 1278 1743; x_wconf 87' lang='lat' dir='ltr'><strong>statum</strong></span> <span class='ocrx_word' id='word_1_192' title='bbox 1298 1719 1320 1743; x_wconf 90' lang='lat' dir='ltr'><strong>a</strong></span> <span class='ocrx_word' id='word_1_193' title='bbox 1348 1709 1426 1743; x_wconf 86' lang='lat' dir='ltr'><strong>tam</strong></span> 
     </span>
     <span class='ocr_line' id='line_1_26' title="bbox 77 1767 1426 1820; baseline -0.001 -13"><span class='ocrx_word' id='word_1_194' title='bbox 77 1769 236 1807; x_wconf 87' lang='lat' dir='ltr'><strong>solemni</strong></span> <span class='ocrx_word' id='word_1_195' title='bbox 265 1782 422 1807; x_wconf 87' lang='lat' dir='ltr'><strong>munere</strong></span> <span class='ocrx_word' id='word_1_196' title='bbox 453 1769 607 1808; x_wconf 88' lang='lat' dir='ltr'><strong>aversis.</strong></span> <span class='ocrx_word' id='word_1_197' title='bbox 678 1768 733 1806; x_wconf 86' lang='lat' dir='ltr'><strong>Et</strong></span> <span class='ocrx_word' id='word_1_198' title='bbox 764 1781 839 1807; x_wconf 90' lang='lat' dir='ltr'><strong>non</strong></span> <span class='ocrx_word' id='word_1_199' title='bbox 870 1768 958 1806; x_wconf 85' lang='lat' dir='ltr'><strong>aliis</strong></span> <span class='ocrx_word' id='word_1_200' title='bbox 987 1769 1104 1820; x_wconf 74' lang='lat' dir='ltr'><strong>quam</strong></span> <span class='ocrx_word' id='word_1_201' title='bbox 1136 1767 1426 1818; x_wconf 76' lang='lat' dir='ltr'><strong>Mesopotamiae</strong></span> 
     </span>
     <span class='ocr_line' id='line_1_27' title="bbox 76 1830 1424 1885; baseline -0.003 -14"><span class='ocrx_word' id='word_1_202' title='bbox 76 1834 229 1885; x_wconf 84' lang='lat' dir='ltr'><strong>regione</strong></span> <span class='ocrx_word' id='word_1_203' title='bbox 260 1833 445 1872; x_wconf 88' lang='lat' dir='ltr'><strong>fervidior</strong></span> <span class='ocrx_word' id='word_1_204' title='bbox 476 1837 596 1872; x_wconf 82' lang='lat' dir='ltr'><strong>aestus</strong></span> <span class='ocrx_word' id='word_1_205' title='bbox 628 1832 782 1870; x_wconf 81' lang='lat' dir='ltr'><strong>existit:</strong></span> <span class='ocrx_word' id='word_1_206' title='bbox 824 1831 919 1869; x_wconf 75' lang='lat' dir='ltr'><strong>adeo</strong></span> <span class='ocrx_word' id='word_1_207' title='bbox 950 1835 996 1869; x_wconf 91' lang='lat' dir='ltr'><strong>ut</strong></span> <span class='ocrx_word' id='word_1_208' title='bbox 1025 1831 1207 1882; x_wconf 86' lang='lat' dir='ltr'><strong>pleraque</strong></span> <span class='ocrx_word' id='word_1_209' title='bbox 1234 1830 1424 1879; x_wconf 84' lang='lat' dir='ltr'><strong>animalia,</strong></span> 
     </span>
     <span class='ocr_line' id='line_1_28' title="bbox 76 1894 1425 1949; baseline -0.002 -14"><span class='ocrx_word' id='word_1_210' title='bbox 76 1898 222 1949; x_wconf 84' lang='lat' dir='ltr'><strong>quaein</strong></span> <span class='ocrx_word' id='word_1_211' title='bbox 251 1897 380 1936; x_wconf 89' lang='lat' dir='ltr'><strong>⁷nudo</strong></span> <span class='ocrx_word' id='word_1_212' title='bbox 401 1896 482 1935; x_wconf 90' lang='lat' dir='ltr'><strong>solo</strong></span> <span class='ocrx_word' id='word_1_213' title='bbox 512 1895 778 1947; x_wconf 85' lang='lat' dir='ltr'><strong>deprehendit,</strong></span> <span class='ocrx_word' id='word_1_214' title='bbox 800 1894 1024 1946; x_wconf 81' lang='lat' dir='ltr'><strong>extinguat;</strong></span> <span class='ocrx_word' id='word_1_215' title='bbox 1055 1898 1188 1931; x_wconf 87' lang='lat' dir='ltr'><strong>tantus</strong></span> <span class='ocrx_word' id='word_1_216' title='bbox 1221 1898 1280 1931; x_wconf 87' lang='lat' dir='ltr'><strong>est</strong></span> <span class='ocrx_word' id='word_1_217' title='bbox 1307 1907 1425 1944; x_wconf 77' lang='lat' dir='ltr'><strong>vapor</strong></span> 
     </span>
     <span class='ocr_line' id='line_1_29' title="bbox 78 1957 1423 2012; baseline -0.003 -13"><span class='ocrx_word' id='word_1_218' title='bbox 78 1961 169 1999; x_wconf 85' lang='lat' dir='ltr'><strong>solis</strong></span> <span class='ocrx_word' id='word_1_219' title='bbox 191 1965 229 1999; x_wconf 87' lang='lat' dir='ltr'><strong>et</strong></span> <span class='ocrx_word' id='word_1_220' title='bbox 249 1961 346 2010; x_wconf 88' lang='lat' dir='ltr'><strong>coeli,</strong></span> <span class='ocrx_word' id='word_1_221' title='bbox 367 1974 442 2012; x_wconf 87' lang='lat' dir='ltr'><strong>quo</strong></span> <span class='ocrx_word' id='word_1_222' title='bbox 464 1964 602 1999; x_wconf 87' lang='lat' dir='ltr'><strong>cuneta</strong></span> <span class='ocrx_word' id='word_1_223' title='bbox 620 1959 728 1999; x_wconf 88' lang='lat' dir='ltr'><strong>velut</strong></span> <span class='ocrx_word' id='word_1_224' title='bbox 760 1959 847 2010; x_wconf 86' lang='lat' dir='ltr'><strong>igne</strong></span> <span class='ocrx_word' id='word_1_225' title='bbox 875 1960 1082 1996; x_wconf 83' lang='lat' dir='ltr'><strong>torrentur.</strong></span> <span class='ocrx_word' id='word_1_226' title='bbox 1140 1957 1284 1996; x_wconf 85' lang='lat' dir='ltr'><strong>Fontes</strong></span> <span class='ocrx_word' id='word_1_227' title='bbox 1312 1971 1423 2008; x_wconf 85' lang='lat' dir='ltr'><strong>aqua-</strong></span> 
     </span>
     <span class='ocr_line' id='line_1_30' title="bbox 77 2020 1424 2071; baseline -0.003 -9"><span class='ocrx_word' id='word_1_228' title='bbox 77 2038 162 2062; x_wconf 85' lang='lat' dir='ltr'><strong>rum</strong></span> <span class='ocrx_word' id='word_1_229' title='bbox 183 2029 222 2062; x_wconf 89' lang='lat' dir='ltr'><strong>et</strong></span> <span class='ocrx_word' id='word_1_230' title='bbox 252 2024 330 2062; x_wconf 90' lang='lat' dir='ltr'><strong>rari</strong></span> <span class='ocrx_word' id='word_1_231' title='bbox 350 2028 442 2063; x_wconf 87' lang='lat' dir='ltr'><strong>sunt</strong></span> <span class='ocrx_word' id='word_1_232' title='bbox 461 2028 501 2062; x_wconf 92' lang='lat' dir='ltr'><strong>et</strong></span> <span class='ocrx_word' id='word_1_233' title='bbox 528 2022 775 2061; x_wconf 87' lang='lat' dir='ltr'><strong>incolentium</strong></span> <span class='ocrx_word' id='word_1_234' title='bbox 795 2021 930 2059; x_wconf 80' lang='lat' dir='ltr'><strong>fraude</strong></span> <span class='ocrx_word' id='word_1_235' title='bbox 950 2021 1134 2059; x_wconf 78' lang='lat' dir='ltr'><strong>celantur.</strong></span> <span class='ocrx_word' id='word_1_236' title='bbox 1194 2020 1298 2071; x_wconf 85' lang='lat' dir='ltr'><strong>Ipsis</strong></span> <span class='ocrx_word' id='word_1_237' title='bbox 1331 2034 1424 2059; x_wconf 86' lang='lat' dir='ltr'><strong>usus</strong></span> 
     </span>
     <span class='ocr_line' id='line_1_31' title="bbox 78 2084 1426 2139; baseline -0.004 -13"><span class='ocrx_word' id='word_1_238' title='bbox 78 2093 194 2139; x_wconf 85' lang='lat' dir='ltr'><strong>patet,</strong></span> <span class='ocrx_word' id='word_1_239' title='bbox 214 2088 368 2138; x_wconf 83' lang='lat' dir='ltr'><strong>ignotus</strong></span> <span class='ocrx_word' id='word_1_240' title='bbox 389 2091 448 2125; x_wconf 89' lang='lat' dir='ltr'><strong>est</strong></span> <span class='ocrx_word' id='word_1_241' title='bbox 468 2087 634 2126; x_wconf 85' lang='lat' dir='ltr'><strong>advenis.</strong></span> <span class='ocrx_word' id='word_1_242' title='bbox 691 2085 770 2124; x_wconf 78' lang='lat' dir='ltr'><strong>⁸Ut</strong></span> <span class='ocrx_word' id='word_1_243' title='bbox 797 2084 951 2122; x_wconf 87' lang='lat' dir='ltr'><strong>tandem</strong></span> <span class='ocrx_word' id='word_1_244' title='bbox 977 2097 1112 2122; x_wconf 85' lang='lat' dir='ltr'><strong>curare</strong></span> <span class='ocrx_word' id='word_1_245' title='bbox 1141 2096 1279 2135; x_wconf 90' lang='lat' dir='ltr'><strong>corpus</strong></span> <span class='ocrx_word' id='word_1_246' title='bbox 1299 2084 1426 2122; x_wconf 81' lang='lat' dir='ltr'><strong>exani-</strong></span> 
     </span>
     <span class='ocr_line' id='line_1_32' title="bbox 79 2147 1424 2200; baseline -0.004 -10"><span class='ocrx_word' id='word_1_247' title='bbox 79 2165 182 2190; x_wconf 88' lang='lat' dir='ltr'><strong>mum</strong></span> <span class='ocrx_word' id='word_1_248' title='bbox 214 2151 346 2189; x_wconf 82' lang='lat' dir='ltr'><strong>amicis</strong></span> <span class='ocrx_word' id='word_1_249' title='bbox 376 2151 538 2198; x_wconf 85' lang='lat' dir='ltr'><strong>vacavit,</strong></span> <span class='ocrx_word' id='word_1_250' title='bbox 572 2149 682 2188; x_wconf 68' lang='lat' dir='ltr'><strong>nulla</strong></span> <span class='ocrx_word' id='word_1_251' title='bbox 712 2149 812 2196; x_wconf 85' lang='lat' dir='ltr'><strong>tabe,</strong></span> <span class='ocrx_word' id='word_1_252' title='bbox 845 2161 891 2186; x_wconf 86' lang='lat' dir='ltr'><strong>ne</strong></span> <span class='ocrx_word' id='word_1_253' title='bbox 928 2148 1085 2186; x_wconf 87' lang='lat' dir='ltr'><strong>minimo</strong></span> <span class='ocrx_word' id='word_1_254' title='bbox 1116 2147 1271 2200; x_wconf 89' lang='lat' dir='ltr'><strong>quidem</strong></span> <span class='ocrx_word' id='word_1_255' title='bbox 1304 2147 1424 2186; x_wconf 81' lang='lat' dir='ltr'><strong>livore</strong></span> 
     </span>
     <span class='ocr_line' id='line_1_33' title="bbox 80 2211 1424 2267; baseline -0.004 -13"><span class='ocrx_word' id='word_1_256' title='bbox 80 2220 302 2267; x_wconf 85' lang='lat' dir='ltr'><strong>corruptum</strong></span> <span class='ocrx_word' id='word_1_257' title='bbox 321 2215 452 2253; x_wconf 62' lang='lat' dir='ltr'><strong>videre</strong></span> <span class='ocrx_word' id='word_1_258' title='bbox 485 2215 552 2266; x_wconf 84' lang='lat' dir='ltr'><strong>qui</strong></span> <span class='ocrx_word' id='word_1_259' title='bbox 586 2215 830 2252; x_wconf 84' lang='lat' dir='ltr'><strong>intraverant.</strong></span> <span class='ocrx_word' id='word_1_260' title='bbox 887 2212 1036 2263; x_wconf 74' lang='lat' dir='ltr'><strong>”Vigor</strong></span> <span class='ocrx_word' id='word_1_261' title='bbox 1064 2212 1226 2264; x_wconf 64' lang='lat' dir='ltr'><strong>quoque,</strong></span> <span class='ocrx_word' id='word_1_262' title='bbox 1247 2211 1314 2263; x_wconf 87' lang='lat' dir='ltr'><strong>qui</strong></span> <span class='ocrx_word' id='word_1_263' title='bbox 1343 2224 1424 2249; x_wconf 89' lang='lat' dir='ltr'><strong>con-</strong></span> 
     </span>
     <span class='ocr_line' id='line_1_34' title="bbox 80 2275 1426 2330; baseline -0.005 -12"><span class='ocrx_word' id='word_1_264' title='bbox 80 2285 158 2318; x_wconf 87' lang='lat' dir='ltr'><strong>stat</strong></span> <span class='ocrx_word' id='word_1_265' title='bbox 191 2293 238 2317; x_wconf 79' lang='lat' dir='ltr'><strong>cx</strong></span> <span class='ocrx_word' id='word_1_266' title='bbox 277 2279 428 2330; x_wconf 80' lang='lat' dir='ltr'><strong>spiritu,</strong></span> <span class='ocrx_word' id='word_1_267' title='bbox 461 2291 536 2316; x_wconf 89' lang='lat' dir='ltr'><strong>non</strong></span> <span class='ocrx_word' id='word_1_268' title='bbox 575 2278 806 2315; x_wconf 83' lang='lat' dir='ltr'><strong>destituerat</strong></span> <span class='ocrx_word' id='word_1_269' title='bbox 837 2276 997 2314; x_wconf 75' lang='lat' dir='ltr'><strong>vultum.</strong></span> <span class='ocrx_word' id='word_1_270' title='bbox 1076 2276 1215 2327; x_wconf 85' lang='lat' dir='ltr'><strong>Itaque</strong></span> <span class='ocrx_word' id='word_1_271' title='bbox 1247 2275 1426 2327; x_wconf 71' lang='lat' dir='ltr'><strong>AEgyptii</strong></span> 
     </span>
     <span class='ocr_line' id='line_1_35' title="bbox 85 2340 1428 2396; baseline -0.004 -14"><span class='ocrx_word' id='word_1_272' title='bbox 85 2344 332 2396; x_wconf 79' lang='lat' dir='ltr'><strong>Chaldaeique</strong></span> <span class='ocrx_word' id='word_1_273' title='bbox 362 2343 462 2394; x_wconf 82' lang='lat' dir='ltr'><strong>jussi</strong></span> <span class='ocrx_word' id='word_1_274' title='bbox 492 2355 630 2393; x_wconf 79' lang='lat' dir='ltr'><strong>corpus</strong></span> <span class='ocrx_word' id='word_1_275' title='bbox 663 2355 730 2379; x_wconf 85' lang='lat' dir='ltr'><strong>suo</strong></span> <span class='ocrx_word' id='word_1_276' title='bbox 763 2355 866 2379; x_wconf 85' lang='lat' dir='ltr'><strong>more</strong></span> <span class='ocrx_word' id='word_1_277' title='bbox 897 2354 1043 2388; x_wconf 83' lang='lat' dir='ltr'><strong>curare,</strong></span> <span class='ocrx_word' id='word_1_278' title='bbox 1073 2340 1196 2390; x_wconf 70' lang='lat' dir='ltr'><strong>primo</strong></span> <span class='ocrx_word' id='word_1_279' title='bbox 1229 2352 1304 2377; x_wconf 87' lang='lat' dir='ltr'><strong>nou</strong></span> <span class='ocrx_word' id='word_1_280' title='bbox 1338 2343 1428 2377; x_wconf 87' lang='lat' dir='ltr'><strong>sunt</strong></span> 
     </span>
     <span class='ocr_line' id='line_1_36' title="bbox 82 2402 1428 2455; baseline -0.005 -10"><span class='ocrx_word' id='word_1_281' title='bbox 82 2408 167 2445; x_wconf 83' lang='lat' dir='ltr'><strong>ausi</strong></span> <span class='ocrx_word' id='word_1_282' title='bbox 186 2407 398 2455; x_wconf 87' lang='lat' dir='ltr'><strong>admovere,</strong></span> <span class='ocrx_word' id='word_1_283' title='bbox 419 2405 524 2444; x_wconf 88' lang='lat' dir='ltr'><strong>velut</strong></span> <span class='ocrx_word' id='word_1_284' title='bbox 557 2405 729 2455; x_wconf 82' lang='lat' dir='ltr'><strong>spiranti,</strong></span> <span class='ocrx_word' id='word_1_285' title='bbox 759 2417 915 2442; x_wconf 79' lang='lat' dir='ltr'><strong>manus:</strong></span> <span class='ocrx_word' id='word_1_286' title='bbox 947 2403 1086 2442; x_wconf 66' lang='lat' dir='ltr'><strong>deindo</strong></span> <span class='ocrx_word' id='word_1_287' title='bbox 1111 2402 1257 2453; x_wconf 88' lang='lat' dir='ltr'><strong>precati</strong></span> <span class='ocrx_word' id='word_1_288' title='bbox 1290 2406 1335 2440; x_wconf 88' lang='lat' dir='ltr'><strong>ut</strong></span> <span class='ocrx_word' id='word_1_289' title='bbox 1363 2402 1428 2450; x_wconf 83' lang='lat' dir='ltr'><strong>jus</strong></span> 
     </span>
     <span class='ocr_line' id='line_1_37' title="bbox 82 2467 1416 2524; baseline -0.006 -14"><span class='ocrx_word' id='word_1_290' title='bbox 82 2472 215 2524; x_wconf 86' lang='lat' dir='ltr'><strong>fasque</strong></span> <span class='ocrx_word' id='word_1_291' title='bbox 254 2476 356 2510; x_wconf 81' lang='lat' dir='ltr'><strong>esset</strong></span> <span class='ocrx_word' id='word_1_292' title='bbox 388 2469 617 2508; x_wconf 79' lang='lat' dir='ltr'><strong>mortalibus</strong></span> <span class='ocrx_word' id='word_1_293' title='bbox 656 2473 860 2506; x_wconf 80' lang='lat' dir='ltr'><strong>attrectare</strong></span> <span class='ocrx_word' id='word_1_294' title='bbox 899 2481 995 2517; x_wconf 86' lang='lat' dir='ltr'><strong>cum,</strong></span> <span class='ocrx_word' id='word_1_295' title='bbox 1028 2467 1240 2518; x_wconf 64' lang='lat' dir='ltr'><strong>purgavere</strong></span> <span class='ocrx_word' id='word_1_296' title='bbox 1278 2476 1416 2515; x_wconf 83' lang='lat' dir='ltr'><strong>eorpus</strong></span> 
     </span>
    </p>
   </div>
  </div>
 </body>
</html>
