1583 2680
457 176 721 203 L1nsn1x.
762 175 873 202 Cho.
913 176 1008 201 vr1.
1341 165 1418 202 235

79 268 226 308 Eadem
250 268 370 321 igitur
402 269 441 306 in
469 268 640 307 convivio
678 268 868 307 Horratas
896 267 1054 307 Macedo
1080 269 1162 318 jam
1189 268 1420 306 temulentus

77 331 304 382 exprobrare
333 332 368 369 ei
399 331 525 382 coepit,
545 336 585 369 et
603 331 808 382 postulare,
827 335 871 369 ut
899 330 933 369 si
960 330 1020 369 vir
1049 335 1160 379 esset,
1179 335 1331 381 postero
1359 330 1420 368 die

76 407 205 432 secum
231 395 331 432 ferro
368 394 607 432 decerneret:
648 394 796 446 Regem
832 393 984 432 tandem
1010 393 1071 432 vel
1099 393 1145 431 de
1172 397 1244 431 sua
1272 394 1420 431 temeri-

75 462 166 506 tate,
185 457 245 495 vel
265 457 311 495 de
339 449 443 495 illius
473 457 630 509 ignavia
655 457 927 507 judicaturum.
984 457 1038 495 Et
1057 470 1079 494 a
1099 456 1304 506 Dioxippo,
1336 469 1419 493 con-

76 523 252 570 temptim
270 519 476 558 militarem
496 520 674 558 eludente
692 520 882 569 ferociam,
901 523 1055 570 accepta
1073 519 1238 557 conditio
1259 525 1327 558 cst.

156 586 216 622 24.
247 585 306 622 Ac
338 589 488 634 postero
509 584 570 622 die
600 584 699 633 Rex,
726 585 815 622 esim
846 584 962 622 etiam
989 583 1116 622 acrius
1142 588 1332 621 certamen
1361 596 1420 621 cx-

74 652 273 697 poscerent
291 647 379 698 quia
399 646 587 684 deterrere
614 659 689 684 non
716 651 876 697 poterat,
897 646 1091 684 destinata
1111 647 1265 697 exsequi
1285 659 1420 696 passus

75 715 144 748 est.
192 710 334 762 Ingens
352 709 413 747 hic
430 709 609 758 militum,
630 709 728 748 inter
747 722 842 761 quos
861 714 968 747 erant
987 708 1124 758 Graeci,
1143 709 1210 761 qui
1229 709 1420 759 Dioxippe

76 773 296 821 studebant,
314 777 541 810 convenerat
553 771 769 810 multitudo.
827 771 987 810 Macedo
1007 773 1030 790 ¹⁰
1041 773 1148 822 justa
1166 785 1270 810 arma
1297 785 1420 822 sump-

75 841 202 873 serat:
250 848 393 874 aereum
429 835 616 885 clypeum,
656 834 854 884 ¹¹hastam,
891 847 1003 886 quam
1047 836 1236 872 sarissam
1273 840 1420 883 vocant,

75 899 173 937 laeva
206 903 352 946 tenens,
380 897 517 936 dextra
546 898 737 936 lanceam:
777 898 979 950 gladioque
1011 898 1169 947 cinctus,
1201 898 1308 936 velut
1336 910 1420 936 cum

74 962 247 1012 pluribus
279 961 392 999 simul
424 961 681 999 dimicaturus.
738 961 954 1012 Dioxippus
985 961 1067 1000 oleo
1095 961 1232 1010 nitens,
1252 966 1291 999 et
1319 974 1420 1000 coro-

73 1031 197 1074 natus,
217 1025 317 1063 laeva
347 1025 371 1042 ¹²
384 1024 587 1075 puniceum
619 1024 834 1073 amiculum,
854 1024 992 1062 dextra
1021 1024 1190 1063 validum
1221 1025 1421 1063 nodosum-

73 1101 145 1139 que
165 1088 335 1138 stipitem
351 1087 586 1137 praeferebat.
644 1087 705 1125 Ea
731 1087 814 1137 ipsa
840 1099 901 1125 res
920 1087 1089 1125 omnium
1109 1089 1252 1126 animos
1272 1101 1420 1139 exspec-

73 1151 218 1189 tatione
247 1150 519 1201 suspenderat:
547 1150 688 1201 quippe
718 1155 864 1188 armato
885 1151 1065 1200 congredi
1097 1151 1251 1200 nudum,
1273 1151 1420 1190 demen-

74 1214 141 1262 tia,
174 1227 249 1252 non
280 1213 476 1252 temeritas
505 1213 721 1252 videbatur.
787 1213 917 1265 Igitur
948 1213 1117 1262 Macedo,
1151 1213 1254 1252 haud
1282 1215 1421 1253 dubius

74 1277 221 1315 eminus
257 1277 418 1315 interfici
455 1277 478 1295 ¹³
492 1289 612 1327 posse,
650 1277 818 1314 lanceam
853 1276 1005 1316 emisit:
1051 1291 1165 1329 quam
1204 1278 1420 1329 Dioxippus

74 1342 164 1378 esun
190 1340 328 1392 exigua¹
353 1340 521 1390 corporis
548 1339 800 1378 declinatione
828 1340 1000 1389 vitasset,
1021 1342 1226 1392 antequam
1244 1341 1310 1379 ille
1337 1341 1419 1379 has-

75 1409 156 1441 tam
185 1403 410 1442 transferret
439 1403 480 1440 in
511 1403 697 1451 dextram,
725 1402 879 1440 assiluit
905 1408 945 1441 et
973 1403 1105 1454 stipite
1141 1403 1306 1442 mediam
1339 1417 1421 1442 eam

73 1465 200 1517 fregit.
257 1465 413 1504 Amisso
441 1470 602 1516 utroque
630 1465 720 1514 telo,
741 1465 902 1504 Macedo
930 1465 1100 1517 gladium
1117 1472 1282 1517 coeperat
1310 1467 1420 1504 strin-

74 1542 165 1580 gere
181 1542 190 1568 :
221 1530 244 1547 ¹⁴
256 1542 371 1580 quem
389 1534 612 1578 occupatum
630 1528 838 1579 complexu,
858 1528 1018 1579 pedibus
1036 1531 1193 1579 repente
1213 1529 1419 1579 subductis,

75 1591 288 1642 Dioxippus
307 1591 487 1629 arietavit
513 1591 554 1628 in
572 1595 735 1628 terram:
765 1595 967 1642 ereptoque
994 1591 1134 1642 gladio,
1154 1592 1289 1641 pedem
1308 1605 1420 1643 super

74 1655 259 1694 cervicem
287 1655 454 1705 jacentis
486 1654 679 1704 imposuit,
713 1653 883 1704 stipitem
910 1654 1115 1703 intentans,
1148 1655 1420 1707 ¹⁵elisurusque

75 1731 118 1756 co
150 1718 303 1764 victum,
334 1722 376 1754 ni
408 1716 625 1768 prohibitus
657 1722 759 1754 essct
795 1729 818 1754 a
849 1716 967 1768 Rege.
1036 1716 1176 1755 Tristis
1213 1719 1421 1768 spectaculi

73 1787 232 1820 eventus
263 1793 339 1819 non
367 1779 639 1818 Macedonibus
670 1777 793 1828 modo,
832 1779 899 1818 sed
935 1779 1049 1818 etiam
1081 1780 1302 1819 Alexandro
1331 1781 1418 1831 fuit,

74 1845 236 1883 maxime
266 1844 356 1896 quia
385 1843 551 1882 Barbari
581 1843 789 1882 affuerant:
817 1843 956 1894 quippe
985 1844 1215 1882 celebratam
1245 1845 1419 1884 Macedo-

73 1921 164 1946 num
181 1907 444 1946 fortitudinem
463 1906 512 1944 ad
539 1906 748 1945 ludibrium
765 1906 943 1945 recidisse
971 1907 1181 1946 verebatur.
1238 1907 1343 1945 Hinc
1371 1908 1419 1945 ad

75 1970 377 2009 criminationem
413 1969 630 2008 invidorum
663 1968 855 2019 adapertae
891 1974 982 2007 sunt
1019 1983 1129 2008 aures
1166 1971 1297 2022 Regis.
1365 1971 1420 2009 Et

75 2038 162 2084 post
178 2045 317 2083 paucos
337 2033 418 2071 dies
437 2033 539 2071 inter
557 2032 687 2083 epulas
717 2045 874 2070 aureum
906 2032 1083 2082 poculum
1105 2034 1129 2051 ¹⁶
1143 2046 1191 2071 ex
1209 2035 1418 2085 composito

76 2095 324 2134 subducitur:
353 2096 593 2147 ministrique
611 2095 720 2146 quasi
735 2095 959 2144 amisissent,
978 2096 1078 2147 quod
1093 2102 1322 2147 amoverant,
1343 2098 1418 2136 Re-

74 2173 160 2212 gem
177 2159 330 2197 adeunt.
389 2159 500 2209 Saepe
531 2158 657 2196 minus
686 2162 745 2195 cst
771 2158 996 2198 constantia:
1022 2159 1063 2196 in
1092 2161 1116 2177 ¹⁷
1126 2159 1275 2210 rubore,
1302 2163 1417 2212 quam

75 2225 116 2261 in
147 2222 270 2273 eulpa.
328 2221 550 2271 Conjectum
578 2220 786 2269 oculorum,
807 2221 945 2272 quibus
974 2227 1019 2260 ut
1049 2223 1113 2261 fur
1142 2223 1416 2272 destinabatur,

75 2285 288 2335 Dioxippus
324 2284 424 2322 ferre
460 2295 535 2321 non
572 2282 710 2333 potuit.
768 2282 824 2321 Et
858 2289 941 2322 cum
977 2286 1199 2324 excessisset
1231 2287 1416 2335 convivio,

75 2348 216 2386 litteris
245 2347 479 2397 conscriptis,
498 2358 584 2397 quae
612 2345 713 2398 Regi
737 2346 995 2397 redderentur,
1015 2349 1118 2387 ferro
1138 2362 1178 2387 se
1208 2349 1412 2388 interemit.

75 2410 252 2449 Graviter
270 2414 430 2448 mortem
449 2410 532 2458 ejus
552 2407 645 2446 tulit
663 2407 763 2458 Rex,
783 2409 1004 2449 existimans
1032 2411 1304 2464 indignationis
1322 2424 1413 2461 esse,

714 2476 759 2513 11
