<?xml version="1.0" encoding="UTF-8"?>
<!DOCTYPE html PUBLIC "-//W3C//DTD XHTML 1.0 Transitional//EN"
    "http://www.w3.org/TR/xhtml1/DTD/xhtml1-transitional.dtd">
<html xmlns="http://www.w3.org/1999/xhtml" xml:lang="en" lang="en">
 <head>
  <title>
</title>
<meta http-equiv="Content-Type" content="text/html;charset=utf-8" />
  <meta name='ocr-system' content='tesseract 3.04.00' />
  <meta name='ocr-capabilities' content='ocr_page ocr_carea ocr_par ocr_line ocrx_word'/>
</head>
<body>
  <div class='ocr_page' id='page_1' title='image "./lifeexploitsofal00curtuoft_0271.png"; bbox 0 0 1583 2680; ppageno 0'>
   <div class='ocr_carea' id='block_1_1' title="bbox 537 207 1492 245">
    <p class='ocr_par' dir='ltr' id='par_1_1' title="bbox 537 207 1492 245">
     <span class='ocr_line' id='line_1_1' title="bbox 537 207 1492 245; baseline 0.003 -3"><span class='ocrx_word' id='word_1_1' title='bbox 537 217 699 243; x_wconf 65' lang='lat' dir='ltr'><strong>mssa</strong></span> <span class='ocrx_word' id='word_1_2' title='bbox 737 216 779 242; x_wconf 83' lang='lat' dir='ltr'><strong>x.</strong></span> <span class='ocrx_word' id='word_1_3' title='bbox 819 217 929 243; x_wconf 63' lang='lat' dir='ltr'><strong>car.</strong></span> <span class='ocrx_word' id='word_1_4' title='bbox 970 217 1089 242; x_wconf 76' lang='lat' dir='ltr'><strong>vrri.</strong></span> <span class='ocrx_word' id='word_1_5' title='bbox 1418 207 1492 245; x_wconf 82' lang='lat'><strong>261</strong></span> 
     </span>
    </p>
   </div>
   <div class='ocr_carea' id='block_1_2' title="bbox 133 307 1497 2575">
    <p class='ocr_par' dir='ltr' id='par_1_2' title="bbox 144 307 1497 1185">
     <span class='ocr_line' id='line_1_2' title="bbox 151 307 1496 362; baseline 0.001 -14"><span class='ocrx_word' id='word_1_6' title='bbox 151 309 301 349; x_wconf 84' lang='lat' dir='ltr'><strong>dabant.</strong></span> <span class='ocrx_word' id='word_1_7' title='bbox 359 307 442 347; x_wconf 90' lang='lat' dir='ltr'><strong>Nec</strong></span> <span class='ocrx_word' id='word_1_8' title='bbox 460 307 571 359; x_wconf 87' lang='lat' dir='ltr'><strong>velle,</strong></span> <span class='ocrx_word' id='word_1_9' title='bbox 590 322 660 348; x_wconf 90' lang='lat' dir='ltr'><strong>nec</strong></span> <span class='ocrx_word' id='word_1_10' title='bbox 677 309 779 348; x_wconf 90' lang='lat' dir='ltr'><strong>nolle</strong></span> <span class='ocrx_word' id='word_1_11' title='bbox 797 309 1006 362; x_wconf 80' lang='lat' dir='ltr'><strong>quidquam</strong></span> <span class='ocrx_word' id='word_1_12' title='bbox 1023 309 1090 348; x_wconf 89' lang='lat' dir='ltr'><strong>diu</strong></span> <span class='ocrx_word' id='word_1_13' title='bbox 1115 314 1310 360; x_wconf 87' lang='lat' dir='ltr'><strong>poterant;</strong></span> <span class='ocrx_word' id='word_1_14' title='bbox 1341 311 1496 361; x_wconf 83' lang='lat' dir='ltr'><strong>poenite·</strong></span> 
     </span>
     <span class='ocr_line' id='line_1_3' title="bbox 151 373 1496 425; baseline 0.001 -13"><span class='ocrx_word' id='word_1_15' title='bbox 151 373 291 424; x_wconf 82' lang='lat' dir='ltr'><strong>batque</strong></span> <span class='ocrx_word' id='word_1_16' title='bbox 319 373 430 411; x_wconf 72' lang='lat' dir='ltr'><strong>modo</strong></span> <span class='ocrx_word' id='word_1_17' title='bbox 462 373 623 422; x_wconf 89' lang='lat' dir='ltr'><strong>consilii,</strong></span> <span class='ocrx_word' id='word_1_18' title='bbox 652 373 763 412; x_wconf 73' lang='lat' dir='ltr'><strong>modo</strong></span> <span class='ocrx_word' id='word_1_19' title='bbox 794 373 1030 424; x_wconf 65' lang='lat' dir='ltr'><strong>poenitentias</strong></span> <span class='ocrx_word' id='word_1_20' title='bbox 1057 373 1203 425; x_wconf 88' lang='lat' dir='ltr'><strong>ipsius:</strong></span> <span class='ocrx_word' id='word_1_21' title='bbox 1232 374 1281 412; x_wconf 90' lang='lat' dir='ltr'><strong>ad</strong></span> <span class='ocrx_word' id='word_1_22' title='bbox 1316 374 1496 413; x_wconf 89' lang='lat' dir='ltr'><strong>ultimum</strong></span> 
     </span>
     <span class='ocr_line' id='line_1_4' title="bbox 153 436 1497 489; baseline 0.001 -15"><span class='ocrx_word' id='word_1_23' title='bbox 153 440 281 475; x_wconf 87' lang='lat' dir='ltr'><strong>tamen</strong></span> <span class='ocrx_word' id='word_1_24' title='bbox 311 436 353 474; x_wconf 90' lang='lat' dir='ltr'><strong>in</strong></span> <span class='ocrx_word' id='word_1_25' title='bbox 384 436 542 487; x_wconf 81' lang='lat' dir='ltr'>stirpem</span> <span class='ocrx_word' id='word_1_26' title='bbox 576 437 721 489; x_wconf 85' lang='lat' dir='ltr'><strong>regiam</strong></span> <span class='ocrx_word' id='word_1_27' title='bbox 758 437 1013 477; x_wconf 71' lang='lat' dir='ltr'><strong>‘inclinavere</strong></span> <span class='ocrx_word' id='word_1_28' title='bbox 1040 437 1191 476; x_wconf 89' lang='lat' dir='ltr'><strong>studiis.</strong></span> <span class='ocrx_word' id='word_1_29' title='bbox 1249 437 1424 477; x_wconf 86' lang='lat' dir='ltr'><strong>Cesserat</strong></span> <span class='ocrx_word' id='word_1_30' title='bbox 1450 451 1497 476; x_wconf 92' lang='lat' dir='ltr'><strong>ex</strong></span> 
     </span>
     <span class='ocr_line' id='line_1_5' title="bbox 152 500 1496 552; baseline 0.002 -15"><span class='ocrx_word' id='word_1_31' title='bbox 152 501 329 538; x_wconf 77' lang='lat' dir='ltr'>concione</span> <span class='ocrx_word' id='word_1_32' title='bbox 356 500 539 539; x_wconf 84' lang='lat' dir='ltr'><strong>Aridaeus</strong></span> <span class='ocrx_word' id='word_1_33' title='bbox 564 501 779 552; x_wconf 87' lang='lat' dir='ltr'><strong>principum</strong></span> <span class='ocrx_word' id='word_1_34' title='bbox 806 501 1036 540; x_wconf 88' lang='lat' dir='ltr'><strong>auctoritate</strong></span> <span class='ocrx_word' id='word_1_35' title='bbox 1063 500 1318 540; x_wconf 80' lang='lat' dir='ltr'><strong>conterritus:</strong></span> <span class='ocrx_word' id='word_1_36' title='bbox 1347 506 1385 539; x_wconf 91' lang='lat' dir='ltr'><strong>et</strong></span> <span class='ocrx_word' id='word_1_37' title='bbox 1413 502 1496 540; x_wconf 86' lang='lat' dir='ltr'><strong>abe-</strong></span> 
     </span>
     <span class='ocr_line' id='line_1_6' title="bbox 150 563 1493 616; baseline 0.002 -16"><span class='ocrx_word' id='word_1_38' title='bbox 150 568 241 601; x_wconf 87' lang='lat' dir='ltr'><strong>unte</strong></span> <span class='ocrx_word' id='word_1_39' title='bbox 270 563 350 612; x_wconf 92' lang='lat' dir='ltr'><strong>illo,</strong></span> <span class='ocrx_word' id='word_1_40' title='bbox 379 564 616 603; x_wconf 80' lang='lat' dir='ltr'><strong>conticuerat</strong></span> <span class='ocrx_word' id='word_1_41' title='bbox 646 564 769 616; x_wconf 88' lang='lat' dir='ltr'><strong>magis</strong></span> <span class='ocrx_word' id='word_1_42' title='bbox 797 566 913 616; x_wconf 75' lang='lat' dir='ltr'><strong>quam</strong></span> <span class='ocrx_word' id='word_1_43' title='bbox 939 564 1142 616; x_wconf 82' lang='lat' dir='ltr'><strong>languerat</strong></span> <span class='ocrx_word' id='word_1_44' title='bbox 1167 564 1348 602; x_wconf 87' lang='lat' dir='ltr'><strong>militaris</strong></span> <span class='ocrx_word' id='word_1_45' title='bbox 1375 565 1493 603; x_wconf 73' lang='lat' dir='ltr'><strong>favor.</strong></span> 
     </span>
     <span class='ocr_line' id='line_1_7' title="bbox 151 625 1496 679; baseline 0.001 -16"><span class='ocrx_word' id='word_1_46' title='bbox 151 625 287 677; x_wconf 90' lang='lat' dir='ltr'><strong>Itaque</strong></span> <span class='ocrx_word' id='word_1_47' title='bbox 323 631 535 675; x_wconf 79' lang='lat' dir='ltr'><strong>revocatus,</strong></span> <span class='ocrx_word' id='word_1_48' title='bbox 571 632 717 665; x_wconf 83' lang='lat' dir='ltr'><strong>vestem</strong></span> <span class='ocrx_word' id='word_1_49' title='bbox 751 628 896 677; x_wconf 80' lang='lat' dir='ltr'><strong>fratris,</strong></span> <span class='ocrx_word' id='word_1_50' title='bbox 933 641 1016 666; x_wconf 90' lang='lat' dir='ltr'><strong>eam</strong></span> <span class='ocrx_word' id='word_1_51' title='bbox 1053 628 1185 679; x_wconf 83' lang='lat' dir='ltr'><strong>ipsam,</strong></span> <span class='ocrx_word' id='word_1_52' title='bbox 1213 641 1298 679; x_wconf 83' lang='lat' dir='ltr'><strong>quae</strong></span> <span class='ocrx_word' id='word_1_53' title='bbox 1324 628 1366 666; x_wconf 89' lang='lat' dir='ltr'><strong>in</strong></span> <span class='ocrx_word' id='word_1_54' title='bbox 1401 627 1496 666; x_wconf 70' lang='lat' dir='ltr'><strong>sella</strong></span> 
     </span>
     <span class='ocr_line' id='line_1_8' title="bbox 148 690 1496 743; baseline 0.003 -17"><span class='ocrx_word' id='word_1_55' title='bbox 148 690 272 739; x_wconf 89' lang='lat' dir='ltr'><strong>posita</strong></span> <span class='ocrx_word' id='word_1_56' title='bbox 301 690 437 739; x_wconf 87' lang='lat' dir='ltr'><strong>fuerat,</strong></span> <span class='ocrx_word' id='word_1_57' title='bbox 469 691 651 729; x_wconf 87' lang='lat' dir='ltr'><strong>induitur.</strong></span> <span class='ocrx_word' id='word_1_58' title='bbox 709 691 764 729; x_wconf 88' lang='lat' dir='ltr'><strong>Et</strong></span> <span class='ocrx_word' id='word_1_59' title='bbox 796 691 1001 743; x_wconf 85' lang='lat' dir='ltr'><strong>Meleager,</strong></span> <span class='ocrx_word' id='word_1_60' title='bbox 1021 691 1174 730; x_wconf 85' lang='lat' dir='ltr'><strong>thorace</strong></span> <span class='ocrx_word' id='word_1_61' title='bbox 1203 696 1366 742; x_wconf 88' lang='lat' dir='ltr'><strong>sumpto,</strong></span> <span class='ocrx_word' id='word_1_62' title='bbox 1394 691 1496 742; x_wconf 85' lang='lat' dir='ltr'><strong>capit</strong></span> 
     </span>
     <span class='ocr_line' id='line_1_9' title="bbox 149 753 1496 806; baseline 0.002 -16"><span class='ocrx_word' id='word_1_63' title='bbox 149 767 264 802; x_wconf 87' lang='lat' dir='ltr'><strong>arma,</strong></span> <span class='ocrx_word' id='word_1_64' title='bbox 293 754 383 791; x_wconf 87' lang='lat' dir='ltr'><strong>novi</strong></span> <span class='ocrx_word' id='word_1_65' title='bbox 412 754 532 805; x_wconf 89' lang='lat' dir='ltr'><strong>Regis</strong></span> <span class='ocrx_word' id='word_1_66' title='bbox 565 753 731 793; x_wconf 83' lang='lat' dir='ltr'><strong>satelles.</strong></span> <span class='ocrx_word' id='word_1_67' title='bbox 799 755 982 806; x_wconf 88' lang='lat' dir='ltr'><strong>Sequitur</strong></span> <span class='ocrx_word' id='word_1_68' title='bbox 1007 754 1171 806; x_wconf 83' lang='lat' dir='ltr'><strong>phalanx</strong></span> <span class='ocrx_word' id='word_1_69' title='bbox 1197 754 1319 793; x_wconf 88' lang='lat' dir='ltr'><strong>hastis</strong></span> <span class='ocrx_word' id='word_1_70' title='bbox 1345 755 1496 806; x_wconf 83' lang='lat' dir='ltr'><strong>clypeos</strong></span> 
     </span>
     <span class='ocr_line' id='line_1_10' title="bbox 147 817 1497 870; baseline 0.002 -16"><span class='ocrx_word' id='word_1_71' title='bbox 147 817 334 868; x_wconf 87' lang='lat' dir='ltr'><strong>quatiens,</strong></span> <span class='ocrx_word' id='word_1_72' title='bbox 364 817 599 868; x_wconf 73' lang='lat' dir='ltr'><strong>expleturum</strong></span> <span class='ocrx_word' id='word_1_73' title='bbox 630 831 669 856; x_wconf 87' lang='lat' dir='ltr'><strong>se</strong></span> <span class='ocrx_word' id='word_1_74' title='bbox 700 818 882 870; x_wconf 87' lang='lat' dir='ltr'><strong>sanguine</strong></span> <span class='ocrx_word' id='word_1_75' title='bbox 911 818 1078 868; x_wconf 89' lang='lat' dir='ltr'><strong>illorum,</strong></span> <span class='ocrx_word' id='word_1_76' title='bbox 1106 818 1198 870; x_wconf 81' lang='lat' dir='ltr'><strong>‘qui</strong></span> <span class='ocrx_word' id='word_1_77' title='bbox 1229 818 1497 857; x_wconf 87' lang='lat' dir='ltr'><strong>affectaverant</strong></span> 
     </span>
     <span class='ocr_line' id='line_1_11' title="bbox 147 880 1496 934; baseline 0.002 -17"><span class='ocrx_word' id='word_1_78' title='bbox 147 880 243 918; x_wconf 88' lang='lat' dir='ltr'><strong>nihil</strong></span> <span class='ocrx_word' id='word_1_79' title='bbox 270 881 319 918; x_wconf 89' lang='lat' dir='ltr'><strong>ad</strong></span> <span class='ocrx_word' id='word_1_80' title='bbox 351 881 451 932; x_wconf 91' lang='lat' dir='ltr'><strong>ipsos</strong></span> <span class='ocrx_word' id='word_1_81' title='bbox 479 882 676 932; x_wconf 88' lang='lat' dir='ltr'><strong>pertinens</strong></span> <span class='ocrx_word' id='word_1_82' title='bbox 703 895 882 934; x_wconf 89' lang='lat' dir='ltr'><strong>regnum:</strong></span> <span class='ocrx_word' id='word_1_83' title='bbox 910 882 952 920; x_wconf 92' lang='lat' dir='ltr'><strong>in</strong></span> <span class='ocrx_word' id='word_1_84' title='bbox 982 882 1118 920; x_wconf 72' lang='lat' dir='ltr'><strong>eadem</strong></span> <span class='ocrx_word' id='word_1_85' title='bbox 1144 882 1255 921; x_wconf 91' lang='lat' dir='ltr'><strong>domo</strong></span> <span class='ocrx_word' id='word_1_86' title='bbox 1272 882 1496 934; x_wconf 76' lang='lat' dir='ltr'><strong>familiaque</strong></span> 
     </span>
     <span class='ocr_line' id='line_1_12' title="bbox 147 943 1494 997; baseline 0.002 -16"><span class='ocrx_word' id='word_1_87' title='bbox 147 943 298 994; x_wconf 88' lang='lat' dir='ltr'><strong>imperii</strong></span> <span class='ocrx_word' id='word_1_88' title='bbox 317 945 420 983; x_wconf 84' lang='lat' dir='ltr'><strong>vires</strong></span> <span class='ocrx_word' id='word_1_89' title='bbox 442 958 684 983; x_wconf 87' lang='lat' dir='ltr'><strong>remansuras</strong></span> <span class='ocrx_word' id='word_1_90' title='bbox 703 958 784 984; x_wconf 90' lang='lat' dir='ltr'><strong>esse</strong></span> <span class='ocrx_word' id='word_1_91' title='bbox 804 945 1047 997; x_wconf 47' lang='lat' dir='ltr'><strong>gaudebant)</strong></span> <span class='ocrx_word' id='word_1_92' title='bbox 1075 946 1362 984; x_wconf 68' lang='lat' dir='ltr'><strong>haereditarium</strong></span> <span class='ocrx_word' id='word_1_93' title='bbox 1382 946 1494 997; x_wconf 90' lang='lat' dir='ltr'><strong>impe-</strong></span> 
     </span>
     <span class='ocr_line' id='line_1_13' title="bbox 147 1007 1494 1060; baseline 0.001 -15"><span class='ocrx_word' id='word_1_94' title='bbox 147 1007 247 1045; x_wconf 89' lang='lat' dir='ltr'><strong>rium</strong></span> <span class='ocrx_word' id='word_1_95' title='bbox 276 1008 435 1059; x_wconf 85' lang='lat' dir='ltr'><strong>stirpem</strong></span> <span class='ocrx_word' id='word_1_96' title='bbox 463 1009 606 1060; x_wconf 88' lang='lat' dir='ltr'><strong>regiam</strong></span> <span class='ocrx_word' id='word_1_97' title='bbox 624 1009 929 1047; x_wconf 76' lang='lat' dir='ltr'><strong>vindicaturam:</strong></span> <span class='ocrx_word' id='word_1_98' title='bbox 959 1014 1131 1048; x_wconf 89' lang='lat' dir='ltr'><strong>assuetos</strong></span> <span class='ocrx_word' id='word_1_99' title='bbox 1150 1021 1190 1047; x_wconf 87' lang='lat' dir='ltr'><strong>se</strong></span> <span class='ocrx_word' id='word_1_100' title='bbox 1215 1021 1349 1047; x_wconf 89' lang='lat' dir='ltr'><strong>nomen</strong></span> <span class='ocrx_word' id='word_1_101' title='bbox 1369 1009 1494 1060; x_wconf 89' lang='lat' dir='ltr'><strong>ipsum</strong></span> 
     </span>
     <span class='ocr_line' id='line_1_14' title="bbox 147 1069 1496 1123; baseline 0.001 -17"><span class='ocrx_word' id='word_1_102' title='bbox 147 1069 270 1107; x_wconf 90' lang='lat' dir='ltr'><strong>colere</strong></span> <span class='ocrx_word' id='word_1_103' title='bbox 290 1070 556 1122; x_wconf 83' lang='lat' dir='ltr'><strong>venera1·ique;</strong></span> <span class='ocrx_word' id='word_1_104' title='bbox 587 1083 657 1109; x_wconf 91' lang='lat' dir='ltr'><strong>nec</strong></span> <span class='ocrx_word' id='word_1_105' title='bbox 675 1084 903 1122; x_wconf 83' lang='lat' dir='ltr'><strong>quemquam</strong></span> <span class='ocrx_word' id='word_1_106' title='bbox 922 1070 963 1109; x_wconf 86' lang='lat' dir='ltr'><strong>id</strong></span> <span class='ocrx_word' id='word_1_107' title='bbox 981 1084 1124 1122; x_wconf 88' lang='lat' dir='ltr'><strong>capere,</strong></span> <span class='ocrx_word' id='word_1_108' title='bbox 1144 1071 1244 1109; x_wconf 88' lang='lat' dir='ltr'><strong>⁷nisi</strong></span> <span class='ocrx_word' id='word_1_109' title='bbox 1261 1071 1432 1123; x_wconf 89' lang='lat' dir='ltr'><strong>genitum</strong></span> <span class='ocrx_word' id='word_1_110' title='bbox 1451 1076 1496 1109; x_wconf 91' lang='lat' dir='ltr'><strong>ut</strong></span> 
     </span>
     <span class='ocr_line' id='line_1_15' title="bbox 144 1138 330 1185; baseline 0.005 -14"><span class='ocrx_word' id='word_1_111' title='bbox 144 1138 330 1185; x_wconf 84' lang='lat' dir='ltr'><strong>regnaret.</strong></span> 
     </span>
    </p>

    <p class='ocr_par' dir='ltr' id='par_1_3' title="bbox 133 1196 1493 2438">
     <span class='ocr_line' id='line_1_16' title="bbox 224 1196 1493 1250; baseline 0.001 -15"><span class='ocrx_word' id='word_1_112' title='bbox 224 1198 286 1236; x_wconf 80' lang='lat'><strong>20.</strong></span> <span class='ocrx_word' id='word_1_113' title='bbox 316 1196 442 1249; x_wconf 83' lang='lat' dir='ltr'><strong>Igitur</strong></span> <span class='ocrx_word' id='word_1_114' title='bbox 471 1197 676 1235; x_wconf 84' lang='lat' dir='ltr'><strong>Perdiccas</strong></span> <span class='ocrx_word' id='word_1_115' title='bbox 707 1197 866 1236; x_wconf 87' lang='lat' dir='ltr'><strong>territus</strong></span> <span class='ocrx_word' id='word_1_116' title='bbox 897 1197 1084 1246; x_wconf 83' lang='lat' dir='ltr'><strong>conclave,</strong></span> <span class='ocrx_word' id='word_1_117' title='bbox 1113 1198 1154 1235; x_wconf 93' lang='lat' dir='ltr'><strong>in</strong></span> <span class='ocrx_word' id='word_1_118' title='bbox 1179 1211 1253 1250; x_wconf 94' lang='lat' dir='ltr'><strong>quo</strong></span> <span class='ocrx_word' id='word_1_119' title='bbox 1281 1198 1493 1236; x_wconf 85' lang='lat' dir='ltr'><strong>Alexandri</strong></span> 
     </span>
     <span class='ocr_line' id='line_1_17' title="bbox 146 1260 1493 1312; baseline 0.001 -14"><span class='ocrx_word' id='word_1_120' title='bbox 146 1272 280 1311; x_wconf 89' lang='lat' dir='ltr'><strong>eorpus</strong></span> <span class='ocrx_word' id='word_1_121' title='bbox 305 1260 469 1310; x_wconf 88' lang='lat' dir='ltr'><strong>jacebat,</strong></span> <span class='ocrx_word' id='word_1_122' title='bbox 489 1260 659 1299; x_wconf 89' lang='lat' dir='ltr'><strong>obserari</strong></span> <span class='ocrx_word' id='word_1_123' title='bbox 673 1261 796 1311; x_wconf 89' lang='lat' dir='ltr'><strong>jubet.</strong></span> <span class='ocrx_word' id='word_1_124' title='bbox 853 1260 1033 1300; x_wconf 88' lang='lat' dir='ltr'><strong>Sexcenti</strong></span> <span class='ocrx_word' id='word_1_125' title='bbox 1052 1273 1137 1299; x_wconf 90' lang='lat' dir='ltr'><strong>eum</strong></span> <span class='ocrx_word' id='word_1_126' title='bbox 1164 1261 1247 1312; x_wconf 91' lang='lat' dir='ltr'><strong>ipso</strong></span> <span class='ocrx_word' id='word_1_127' title='bbox 1267 1266 1374 1299; x_wconf 90' lang='lat' dir='ltr'><strong>erant</strong></span> <span class='ocrx_word' id='word_1_128' title='bbox 1393 1274 1493 1312; x_wconf 89' lang='lat' dir='ltr'><strong>spee-</strong></span> 
     </span>
     <span class='ocr_line' id='line_1_18' title="bbox 144 1323 1492 1376; baseline 0.001 -16"><span class='ocrx_word' id='word_1_129' title='bbox 144 1329 237 1362; x_wconf 87' lang='lat' dir='ltr'><strong>tatae</strong></span> <span class='ocrx_word' id='word_1_130' title='bbox 254 1323 422 1362; x_wconf 84' lang='lat' dir='ltr'><strong>virtutis.</strong></span> <span class='ocrx_word' id='word_1_131' title='bbox 489 1323 721 1362; x_wconf 83' lang='lat' dir='ltr'><strong>Ptolemaeus</strong></span> <span class='ocrx_word' id='word_1_132' title='bbox 740 1325 887 1376; x_wconf 69' lang='lat' dir='ltr'><strong>queque</strong></span> <span class='ocrx_word' id='word_1_133' title='bbox 907 1337 946 1362; x_wconf 91' lang='lat' dir='ltr'><strong>se</strong></span> <span class='ocrx_word' id='word_1_134' title='bbox 966 1323 1196 1374; x_wconf 85' lang='lat' dir='ltr'><strong>adjunxerat</strong></span> <span class='ocrx_word' id='word_1_135' title='bbox 1213 1324 1259 1373; x_wconf 87' lang='lat' dir='ltr'><strong>ei,</strong></span> <span class='ocrx_word' id='word_1_136' title='bbox 1278 1337 1492 1375; x_wconf 89' lang='lat' dir='ltr'><strong>puerorum-</strong></span> 
     </span>
     <span class='ocr_line' id='line_1_19' title="bbox 142 1386 1492 1438; baseline 0 -13"><span class='ocrx_word' id='word_1_137' title='bbox 142 1399 216 1438; x_wconf 91' lang='lat' dir='ltr'><strong>que</strong></span> <span class='ocrx_word' id='word_1_138' title='bbox 247 1386 354 1438; x_wconf 87' lang='lat' dir='ltr'><strong>regia</strong></span> <span class='ocrx_word' id='word_1_139' title='bbox 392 1386 535 1426; x_wconf 87' lang='lat' dir='ltr'><strong>cohors.</strong></span> <span class='ocrx_word' id='word_1_140' title='bbox 592 1386 790 1426; x_wconf 74' lang='lat' dir='ltr'><strong>Caetersim</strong></span> <span class='ocrx_word' id='word_1_141' title='bbox 819 1387 924 1425; x_wconf 88' lang='lat' dir='ltr'><strong>haud</strong></span> <span class='ocrx_word' id='word_1_142' title='bbox 953 1387 1156 1425; x_wconf 88' lang='lat' dir='ltr'><strong>difficulter</strong></span> <span class='ocrx_word' id='word_1_143' title='bbox 1183 1400 1207 1425; x_wconf 87' lang='lat' dir='ltr'><strong>a</strong></span> <span class='ocrx_word' id='word_1_144' title='bbox 1233 1392 1293 1425; x_wconf 88' lang='lat' dir='ltr'><strong>tot</strong></span> <span class='ocrx_word' id='word_1_145' title='bbox 1319 1387 1492 1426; x_wconf 90' lang='lat' dir='ltr'><strong>millibus</strong></span> 
     </span>
     <span class='ocr_line' id='line_1_20' title="bbox 143 1451 1492 1502; baseline 0.001 -14"><span class='ocrx_word' id='word_1_146' title='bbox 143 1455 371 1489; x_wconf 87' lang='lat' dir='ltr'><strong>armatorum</strong></span> <span class='ocrx_word' id='word_1_147' title='bbox 395 1451 563 1490; x_wconf 86' lang='lat' dir='ltr'><strong>claustra</strong></span> <span class='ocrx_word' id='word_1_148' title='bbox 580 1451 770 1502; x_wconf 88' lang='lat' dir='ltr'><strong>perfracta</strong></span> <span class='ocrx_word' id='word_1_149' title='bbox 788 1456 887 1489; x_wconf 88' lang='lat' dir='ltr'><strong>sunt.</strong></span> <span class='ocrx_word' id='word_1_150' title='bbox 944 1451 999 1490; x_wconf 89' lang='lat' dir='ltr'><strong>Et</strong></span> <span class='ocrx_word' id='word_1_151' title='bbox 1018 1451 1105 1490; x_wconf 86' lang='lat' dir='ltr'><strong>Rex</strong></span> <span class='ocrx_word' id='word_1_152' title='bbox 1121 1453 1272 1502; x_wconf 74' lang='lat' dir='ltr'><strong>quoque</strong></span> <span class='ocrx_word' id='word_1_153' title='bbox 1290 1451 1492 1502; x_wconf 83' lang='lat' dir='ltr'><strong>irruperat,</strong></span> 
     </span>
     <span class='ocr_line' id='line_1_21' title="bbox 143 1514 1488 1566; baseline 0.002 -16"><span class='ocrx_word' id='word_1_154' title='bbox 143 1514 308 1564; x_wconf 88' lang='lat' dir='ltr'><strong>stipatus</strong></span> <span class='ocrx_word' id='word_1_155' title='bbox 343 1515 554 1553; x_wconf 85' lang='lat' dir='ltr'><strong>satellitum</strong></span> <span class='ocrx_word' id='word_1_156' title='bbox 590 1514 720 1563; x_wconf 73' lang='lat' dir='ltr'><strong>turba,</strong></span> <span class='ocrx_word' id='word_1_157' title='bbox 757 1527 916 1565; x_wconf 91' lang='lat' dir='ltr'><strong>quorum</strong></span> <span class='ocrx_word' id='word_1_158' title='bbox 952 1514 1126 1564; x_wconf 87' lang='lat' dir='ltr'><strong>princeps</strong></span> <span class='ocrx_word' id='word_1_159' title='bbox 1163 1518 1245 1552; x_wconf 89' lang='lat' dir='ltr'><strong>erat</strong></span> <span class='ocrx_word' id='word_1_160' title='bbox 1282 1514 1488 1566; x_wconf 87' lang='lat' dir='ltr'><strong>Meleager.</strong></span> 
     </span>
     <span class='ocr_line' id='line_1_22' title="bbox 142 1576 1490 1628; baseline -0.001 -13"><span class='ocrx_word' id='word_1_161' title='bbox 142 1576 345 1628; x_wconf 87' lang='lat' dir='ltr'><strong>lratusque</strong></span> <span class='ocrx_word' id='word_1_162' title='bbox 374 1577 580 1616; x_wconf 88' lang='lat' dir='ltr'><strong>Perdiccas</strong></span> <span class='ocrx_word' id='word_1_163' title='bbox 607 1577 688 1625; x_wconf 91' lang='lat' dir='ltr'><strong>hos,</strong></span> <span class='ocrx_word' id='word_1_164' title='bbox 707 1577 774 1628; x_wconf 90' lang='lat' dir='ltr'><strong>qui</strong></span> <span class='ocrx_word' id='word_1_165' title='bbox 804 1577 1019 1615; x_wconf 84' lang='lat' dir='ltr'><strong>Alexandri</strong></span> <span class='ocrx_word' id='word_1_166' title='bbox 1047 1589 1181 1627; x_wconf 88' lang='lat' dir='ltr'><strong>eorpus</strong></span> <span class='ocrx_word' id='word_1_167' title='bbox 1207 1576 1308 1615; x_wconf 85' lang='lat' dir='ltr'><strong>tueri</strong></span> <span class='ocrx_word' id='word_1_168' title='bbox 1335 1576 1490 1626; x_wconf 84' lang='lat' dir='ltr'><strong>vellent,</strong></span> 
     </span>
     <span class='ocr_line' id='line_1_23' title="bbox 143 1638 1489 1692; baseline 0.001 -16"><span class='ocrx_word' id='word_1_169' title='bbox 143 1645 322 1679; x_wconf 78' lang='lat' dir='ltr'><strong>sevocat:</strong></span> <span class='ocrx_word' id='word_1_170' title='bbox 352 1639 419 1678; x_wconf 90' lang='lat' dir='ltr'><strong>sed</strong></span> <span class='ocrx_word' id='word_1_171' title='bbox 437 1640 505 1692; x_wconf 89' lang='lat' dir='ltr'><strong>qui</strong></span> <span class='ocrx_word' id='word_1_172' title='bbox 535 1640 765 1690; x_wconf 84' lang='lat' dir='ltr'><strong>irruperant,</strong></span> <span class='ocrx_word' id='word_1_173' title='bbox 785 1639 934 1677; x_wconf 70' lang='lat' dir='ltr'><strong>eminus</strong></span> <span class='ocrx_word' id='word_1_174' title='bbox 963 1639 1042 1677; x_wconf 87' lang='lat' dir='ltr'><strong>tela</strong></span> <span class='ocrx_word' id='word_1_175' title='bbox 1060 1639 1099 1676; x_wconf 91' lang='lat' dir='ltr'><strong>in</strong></span> <span class='ocrx_word' id='word_1_176' title='bbox 1118 1639 1243 1690; x_wconf 90' lang='lat' dir='ltr'><strong>ipsum</strong></span> <span class='ocrx_word' id='word_1_177' title='bbox 1271 1638 1489 1688; x_wconf 87' lang='lat' dir='ltr'><strong>jaciebant:</strong></span> 
     </span>
     <span class='ocr_line' id='line_1_24' title="bbox 141 1701 1488 1754; baseline 0 -14"><span class='ocrx_word' id='word_1_178' title='bbox 141 1702 346 1754; x_wconf 87' lang='lat' dir='ltr'><strong>multisque</strong></span> <span class='ocrx_word' id='word_1_179' title='bbox 382 1703 608 1751; x_wconf 76' lang='lat' dir='ltr'><strong>vulneratis,</strong></span> <span class='ocrx_word' id='word_1_180' title='bbox 645 1701 799 1740; x_wconf 87' lang='lat' dir='ltr'><strong>tandem</strong></span> <span class='ocrx_word' id='word_1_181' title='bbox 842 1701 1021 1750; x_wconf 83' lang='lat' dir='ltr'><strong>seniores,</strong></span> <span class='ocrx_word' id='word_1_182' title='bbox 1060 1701 1223 1752; x_wconf 88' lang='lat' dir='ltr'><strong>demptis</strong></span> <span class='ocrx_word' id='word_1_183' title='bbox 1259 1701 1378 1753; x_wconf 90' lang='lat' dir='ltr'><strong>galeis</strong></span> <span class='ocrx_word' id='word_1_184' title='bbox 1413 1703 1488 1753; x_wconf 75' lang='lat' dir='ltr'><strong>quo</strong></span> 
     </span>
     <span class='ocr_line' id='line_1_25' title="bbox 140 1764 1487 1817; baseline -0.001 -13"><span class='ocrx_word' id='word_1_185' title='bbox 140 1766 290 1804; x_wconf 71' lang='lat' dir='ltr'><strong>facilius</strong></span> <span class='ocrx_word' id='word_1_186' title='bbox 307 1766 410 1805; x_wconf 90' lang='lat' dir='ltr'><strong>nosci</strong></span> <span class='ocrx_word' id='word_1_187' title='bbox 430 1771 596 1817; x_wconf 88' lang='lat' dir='ltr'><strong>possent,</strong></span> <span class='ocrx_word' id='word_1_188' title='bbox 616 1765 775 1816; x_wconf 87' lang='lat' dir='ltr'><strong>precari,</strong></span> <span class='ocrx_word' id='word_1_189' title='bbox 794 1765 861 1816; x_wconf 90' lang='lat' dir='ltr'><strong>qui</strong></span> <span class='ocrx_word' id='word_1_190' title='bbox 879 1777 964 1802; x_wconf 90' lang='lat' dir='ltr'><strong>eum</strong></span> <span class='ocrx_word' id='word_1_191' title='bbox 979 1764 1166 1802; x_wconf 71' lang='lat' dir='ltr'><strong>Perdicca</strong></span> <span class='ocrx_word' id='word_1_192' title='bbox 1185 1769 1306 1813; x_wconf 90' lang='lat' dir='ltr'><strong>erant,</strong></span> <span class='ocrx_word' id='word_1_193' title='bbox 1326 1767 1487 1815; x_wconf 65' lang='lat' dir='ltr'><strong>coepere,</strong></span> 
     </span>
     <span class='ocr_line' id='line_1_26' title="bbox 141 1827 1486 1880; baseline -0.001 -13"><span class='ocrx_word' id='word_1_194' title='bbox 141 1834 185 1867; x_wconf 89' lang='lat' dir='ltr'><strong>ut</strong></span> <span class='ocrx_word' id='word_1_195' title='bbox 205 1829 438 1868; x_wconf 89' lang='lat' dir='ltr'><strong>abstinerent</strong></span> <span class='ocrx_word' id='word_1_196' title='bbox 467 1829 579 1878; x_wconf 90' lang='lat' dir='ltr'><strong>bello,</strong></span> <span class='ocrx_word' id='word_1_197' title='bbox 600 1829 774 1880; x_wconf 88' lang='lat' dir='ltr'><strong>Regique</strong></span> <span class='ocrx_word' id='word_1_198' title='bbox 792 1828 804 1845; x_wconf 77' lang='lat'>⁸</span> <span class='ocrx_word' id='word_1_199' title='bbox 818 1833 857 1866; x_wconf 90' lang='lat' dir='ltr'><strong>et</strong></span> <span class='ocrx_word' id='word_1_200' title='bbox 882 1827 1055 1879; x_wconf 90' lang='lat' dir='ltr'><strong>pluribus</strong></span> <span class='ocrx_word' id='word_1_201' title='bbox 1074 1827 1262 1866; x_wconf 87' lang='lat' dir='ltr'><strong>cederent.</strong></span> <span class='ocrx_word' id='word_1_202' title='bbox 1330 1827 1486 1866; x_wconf 90' lang='lat' dir='ltr'><strong>Primus</strong></span> 
     </span>
     <span class='ocr_line' id='line_1_27' title="bbox 141 1891 1486 1944; baseline -0.001 -12"><span class='ocrx_word' id='word_1_203' title='bbox 141 1893 341 1931; x_wconf 87' lang='lat' dir='ltr'><strong>Perdiccas</strong></span> <span class='ocrx_word' id='word_1_204' title='bbox 370 1907 476 1931; x_wconf 91' lang='lat' dir='ltr'><strong>arma</strong></span> <span class='ocrx_word' id='word_1_205' title='bbox 505 1893 692 1944; x_wconf 87' lang='lat' dir='ltr'><strong>deposuit,</strong></span> <span class='ocrx_word' id='word_1_206' title='bbox 724 1892 926 1943; x_wconf 85' lang='lat' dir='ltr'><strong>caeterique</strong></span> <span class='ocrx_word' id='word_1_207' title='bbox 954 1891 1055 1930; x_wconf 88' lang='lat' dir='ltr'><strong>idem</strong></span> <span class='ocrx_word' id='word_1_208' title='bbox 1083 1891 1218 1930; x_wconf 71' lang='lat' dir='ltr'><strong>fecere.</strong></span> <span class='ocrx_word' id='word_1_209' title='bbox 1290 1891 1486 1943; x_wconf 87' lang='lat' dir='ltr'><strong>Meleagro</strong></span> 
     </span>
     <span class='ocr_line' id='line_1_28' title="bbox 141 1954 1486 2006; baseline -0.001 -12"><span class='ocrx_word' id='word_1_210' title='bbox 141 1957 277 1995; x_wconf 76' lang='lat' dir='ltr'><strong>deinde</strong></span> <span class='ocrx_word' id='word_1_211' title='bbox 309 1957 491 1995; x_wconf 88' lang='lat' dir='ltr'><strong>suadente</strong></span> <span class='ocrx_word' id='word_1_212' title='bbox 519 1969 566 1995; x_wconf 89' lang='lat' dir='ltr'><strong>ne</strong></span> <span class='ocrx_word' id='word_1_213' title='bbox 584 1969 607 1994; x_wconf 89' lang='lat' dir='ltr'><strong>a</strong></span> <span class='ocrx_word' id='word_1_214' title='bbox 625 1969 778 2006; x_wconf 88' lang='lat' dir='ltr'><strong>corpore</strong></span> <span class='ocrx_word' id='word_1_215' title='bbox 798 1955 1013 1994; x_wconf 85' lang='lat' dir='ltr'><strong>Alexandri</strong></span> <span class='ocrx_word' id='word_1_216' title='bbox 1040 1956 1051 1973; x_wconf 80' lang='lat'><strong>⁹</strong></span> <span class='ocrx_word' id='word_1_217' title='bbox 1067 1954 1316 2003; x_wconf 87' lang='lat' dir='ltr'><strong>discederent,</strong></span> <span class='ocrx_word' id='word_1_218' title='bbox 1335 1954 1486 1993; x_wconf 87' lang='lat' dir='ltr'><strong>insidiis</strong></span> 
     </span>
     <span class='ocr_line' id='line_1_29' title="bbox 140 2017 1486 2071; baseline -0.001 -14"><span class='ocrx_word' id='word_1_219' title='bbox 140 2019 265 2058; x_wconf 92' lang='lat' dir='ltr'><strong>locum</strong></span> <span class='ocrx_word' id='word_1_220' title='bbox 293 2020 413 2071; x_wconf 89' lang='lat' dir='ltr'><strong>quaeri</strong></span> <span class='ocrx_word' id='word_1_221' title='bbox 443 2019 530 2068; x_wconf 90' lang='lat' dir='ltr'><strong>rati,</strong></span> <span class='ocrx_word' id='word_1_222' title='bbox 559 2019 710 2057; x_wconf 70' lang='lat' dir='ltr'><strong>diversa</strong></span> <span class='ocrx_word' id='word_1_223' title='bbox 742 2019 857 2070; x_wconf 83' lang='lat' dir='ltr'><strong>regiae</strong></span> <span class='ocrx_word' id='word_1_224' title='bbox 883 2024 991 2069; x_wconf 87' lang='lat' dir='ltr'><strong>parte</strong></span> <span class='ocrx_word' id='word_1_225' title='bbox 1018 2018 1067 2055; x_wconf 88' lang='lat' dir='ltr'><strong>ad</strong></span> <span class='ocrx_word' id='word_1_226' title='bbox 1095 2018 1332 2068; x_wconf 88' lang='lat' dir='ltr'><strong>Euphratem</strong></span> <span class='ocrx_word' id='word_1_227' title='bbox 1358 2017 1486 2069; x_wconf 85' lang='lat' dir='ltr'><strong>fugam</strong></span> 
     </span>
     <span class='ocr_line' id='line_1_30' title="bbox 141 2081 1484 2135; baseline -0.001 -15"><span class='ocrx_word' id='word_1_228' title='bbox 141 2083 351 2121; x_wconf 85' lang='lat' dir='ltr'><strong>intendunt.</strong></span> <span class='ocrx_word' id='word_1_229' title='bbox 409 2083 627 2135; x_wconf 87' lang='lat' dir='ltr'><strong>Equitatus,</strong></span> <span class='ocrx_word' id='word_1_230' title='bbox 646 2083 711 2134; x_wconf 92' lang='lat' dir='ltr'><strong>qui</strong></span> <span class='ocrx_word' id='word_1_231' title='bbox 731 2095 778 2120; x_wconf 88' lang='lat' dir='ltr'><strong>ex</strong></span> <span class='ocrx_word' id='word_1_232' title='bbox 796 2081 1042 2120; x_wconf 85' lang='lat' dir='ltr'><strong>nobilissimis</strong></span> <span class='ocrx_word' id='word_1_233' title='bbox 1068 2082 1252 2131; x_wconf 89' lang='lat' dir='ltr'><strong>juvenum</strong></span> <span class='ocrx_word' id='word_1_234' title='bbox 1270 2081 1484 2130; x_wconf 86' lang='lat' dir='ltr'><strong>constabat,</strong></span> 
     </span>
     <span class='ocr_line' id='line_1_31' title="bbox 141 2144 1483 2196; baseline -0.001 -12"><span class='ocrx_word' id='word_1_235' title='bbox 141 2146 362 2184; x_wconf 81' lang='lat' dir='ltr'><strong>Perdiccam</strong></span> <span class='ocrx_word' id='word_1_236' title='bbox 401 2151 441 2184; x_wconf 90' lang='lat' dir='ltr'><strong>et</strong></span> <span class='ocrx_word' id='word_1_237' title='bbox 477 2145 687 2183; x_wconf 88' lang='lat' dir='ltr'><strong>Leonatum</strong></span> <span class='ocrx_word' id='word_1_238' title='bbox 729 2145 909 2196; x_wconf 86' lang='lat' dir='ltr'><strong>frequens</strong></span> <span class='ocrx_word' id='word_1_239' title='bbox 953 2144 1192 2195; x_wconf 88' lang='lat' dir='ltr'><strong>sequebatur,</strong></span> <span class='ocrx_word' id='word_1_240' title='bbox 1237 2144 1483 2196; x_wconf 85' lang='lat' dir='ltr'><strong>placebatque</strong></span> 
     </span>
     <span class='ocr_line' id='line_1_32' title="bbox 138 2207 1482 2258; baseline -0.001 -11"><span class='ocrx_word' id='word_1_241' title='bbox 138 2209 315 2247; x_wconf 84' lang='lat' dir='ltr'><strong>excedere</strong></span> <span class='ocrx_word' id='word_1_242' title='bbox 333 2209 428 2247; x_wconf 88' lang='lat' dir='ltr'><strong>urbe</strong></span> <span class='ocrx_word' id='word_1_243' title='bbox 447 2214 486 2247; x_wconf 89' lang='lat' dir='ltr'><strong>et</strong></span> <span class='ocrx_word' id='word_1_244' title='bbox 506 2210 528 2227; x_wconf 85' lang='lat'><strong>¹⁰</strong></span> <span class='ocrx_word' id='word_1_245' title='bbox 542 2209 695 2246; x_wconf 89' lang='lat' dir='ltr'><strong>tendere</strong></span> <span class='ocrx_word' id='word_1_246' title='bbox 714 2208 754 2245; x_wconf 90' lang='lat' dir='ltr'><strong>in</strong></span> <span class='ocrx_word' id='word_1_247' title='bbox 781 2208 934 2258; x_wconf 86' lang='lat' dir='ltr'><strong>campis.</strong></span> <span class='ocrx_word' id='word_1_248' title='bbox 992 2207 1068 2247; x_wconf 86' lang='lat' dir='ltr'><strong>Sed</strong></span> <span class='ocrx_word' id='word_1_249' title='bbox 1095 2207 1297 2247; x_wconf 88' lang='lat' dir='ltr'><strong>Perdiccas</strong></span> <span class='ocrx_word' id='word_1_250' title='bbox 1314 2221 1362 2246; x_wconf 89' lang='lat' dir='ltr'><strong>ne</strong></span> <span class='ocrx_word' id='word_1_251' title='bbox 1379 2208 1482 2258; x_wconf 91' lang='lat' dir='ltr'><strong>pedi-</strong></span> 
     </span>
     <span class='ocr_line' id='line_1_33' title="bbox 138 2270 1480 2324; baseline -0.001 -14"><span class='ocrx_word' id='word_1_252' title='bbox 138 2278 196 2310; x_wconf 79' lang='lat' dir='ltr'><strong>tes</strong></span> <span class='ocrx_word' id='word_1_253' title='bbox 228 2272 381 2324; x_wconf 86' lang='lat' dir='ltr'><strong>quidem</strong></span> <span class='ocrx_word' id='word_1_254' title='bbox 413 2277 609 2310; x_wconf 89' lang='lat' dir='ltr'><strong>secuturos</strong></span> <span class='ocrx_word' id='word_1_255' title='bbox 641 2271 766 2322; x_wconf 89' lang='lat' dir='ltr'><strong>ipsum</strong></span> <span class='ocrx_word' id='word_1_256' title='bbox 797 2271 1030 2322; x_wconf 86' lang='lat' dir='ltr'><strong>desperabat.</strong></span> <span class='ocrx_word' id='word_1_257' title='bbox 1100 2271 1247 2322; x_wconf 85' lang='lat' dir='ltr'><strong>Itaque,</strong></span> <span class='ocrx_word' id='word_1_258' title='bbox 1279 2284 1326 2309; x_wconf 90' lang='lat' dir='ltr'><strong>ne</strong></span> <span class='ocrx_word' id='word_1_259' title='bbox 1365 2270 1480 2310; x_wconf 88' lang='lat' dir='ltr'><strong>abdu-</strong></span> 
     </span>
     <span class='ocr_line' id='line_1_34' title="bbox 135 2333 1479 2387; baseline -0.001 -14"><span class='ocrx_word' id='word_1_260' title='bbox 135 2336 254 2373; x_wconf 88' lang='lat' dir='ltr'><strong>cendo</strong></span> <span class='ocrx_word' id='word_1_261' title='bbox 273 2335 421 2387; x_wconf 85' lang='lat' dir='ltr'><strong>equites</strong></span> <span class='ocrx_word' id='word_1_262' title='bbox 451 2335 645 2385; x_wconf 88' lang='lat' dir='ltr'><strong>abrupisse</strong></span> <span class='ocrx_word' id='word_1_263' title='bbox 672 2348 695 2372; x_wconf 89' lang='lat' dir='ltr'><strong>a</strong></span> <span class='ocrx_word' id='word_1_264' title='bbox 723 2339 860 2373; x_wconf 89' lang='lat' dir='ltr'><strong>caetero</strong></span> <span class='ocrx_word' id='word_1_265' title='bbox 889 2334 1059 2373; x_wconf 81' lang='lat' dir='ltr'><strong>exercitu</strong></span> <span class='ocrx_word' id='word_1_266' title='bbox 1086 2335 1292 2384; x_wconf 74' lang='lat' dir='ltr'><strong>videretur,</strong></span> <span class='ocrx_word' id='word_1_267' title='bbox 1322 2335 1360 2372; x_wconf 90' lang='lat' dir='ltr'><strong>in</strong></span> <span class='ocrx_word' id='word_1_268' title='bbox 1387 2333 1479 2372; x_wconf 87' lang='lat' dir='ltr'><strong>urbe</strong></span> 
     </span>
     <span class='ocr_line' id='line_1_35' title="bbox 133 2399 317 2438; baseline 0.011 -2"><span class='ocrx_word' id='word_1_269' title='bbox 133 2399 317 2438; x_wconf 87' lang='lat' dir='ltr'><strong>substitit.</strong></span> 
     </span>
    </p>

    <p class='ocr_par' dir='ltr' id='par_1_4' title="bbox 133 2460 1476 2575">
     <span class='ocr_line' id='line_1_36' title="bbox 213 2460 1476 2513; baseline -0.003 -13"><span class='ocrx_word' id='word_1_270' title='bbox 213 2461 336 2501; x_wconf 87' lang='lat' dir='ltr'><strong>VIII.</strong></span> <span class='ocrx_word' id='word_1_271' title='bbox 367 2465 429 2500; x_wconf 83' lang='lat'><strong>21.</strong></span> <span class='ocrx_word' id='word_1_272' title='bbox 460 2462 516 2500; x_wconf 80' lang='lat' dir='ltr'><strong>At</strong></span> <span class='ocrx_word' id='word_1_273' title='bbox 547 2461 741 2513; x_wconf 85' lang='lat' dir='ltr'><strong>Meleager</strong></span> <span class='ocrx_word' id='word_1_274' title='bbox 772 2462 917 2513; x_wconf 88' lang='lat' dir='ltr'><strong>Regem</strong></span> <span class='ocrx_word' id='word_1_275' title='bbox 946 2474 1099 2500; x_wconf 88' lang='lat' dir='ltr'><strong>monere</strong></span> <span class='ocrx_word' id='word_1_276' title='bbox 1128 2474 1203 2499; x_wconf 91' lang='lat' dir='ltr'><strong>non</strong></span> <span class='ocrx_word' id='word_1_277' title='bbox 1223 2460 1386 2508; x_wconf 88' lang='lat' dir='ltr'><strong>destitit,</strong></span> <span class='ocrx_word' id='word_1_278' title='bbox 1411 2460 1476 2510; x_wconf 76' lang='lat' dir='ltr'><strong>jus</strong></span> 
     </span>
     <span class='ocr_line' id='line_1_37' title="bbox 133 2522 1469 2575; baseline -0.001 -13"><span class='ocrx_word' id='word_1_279' title='bbox 133 2524 280 2575; x_wconf 86' lang='lat' dir='ltr'><strong>imperii</strong></span> <span class='ocrx_word' id='word_1_280' title='bbox 302 2525 491 2565; x_wconf 78' lang='lat' dir='ltr'><strong>Perdieeae</strong></span> <span class='ocrx_word' id='word_1_281' title='bbox 520 2530 641 2563; x_wconf 88' lang='lat' dir='ltr'><strong>morte</strong></span> <span class='ocrx_word' id='word_1_282' title='bbox 661 2524 902 2563; x_wconf 84' lang='lat' dir='ltr'><strong>sanciendum</strong></span> <span class='ocrx_word' id='word_1_283' title='bbox 933 2537 1035 2574; x_wconf 77' lang='lat' dir='ltr'><strong>esse3</strong></span> <span class='ocrx_word' id='word_1_284' title='bbox 1066 2527 1106 2561; x_wconf 86' lang='lat' dir='ltr'><strong>ni</strong></span> <span class='ocrx_word' id='word_1_285' title='bbox 1136 2528 1339 2574; x_wconf 83' lang='lat' dir='ltr'><strong>occupetur</strong></span> <span class='ocrx_word' id='word_1_286' title='bbox 1359 2522 1469 2574; x_wconf 80' lang='lat' dir='ltr'><strong>impo</strong></span> 
     </span>
    </p>
   </div>
  </div>
 </body>
</html>
