1583 2680
411 170 571 196 menn
602 170 720 196 V111.
761 170 871 195 ear.
911 170 1029 195 xrr1.
1312 157 1389 196 207

48 262 146 301 nihil
172 261 292 312 magis
320 263 436 314 quam
455 262 595 300 famam
614 262 751 300 timere
783 261 964 313 perfidiae.
1025 261 1159 300 Laetus
1188 262 1390 312 ”simpliei—

49 332 130 364 tate
151 325 320 364 Barbari
339 325 428 363 Rex
447 330 487 363 et
517 325 695 364 dextram
715 325 804 364 fidei
833 338 911 364 suae
929 325 1069 377 pignus
1103 325 1223 373 dedit,
1245 330 1283 363 et
1309 338 1390 376 reg-

49 402 139 427 num
158 388 342 426 restituit.
401 388 688 440 Quinquaginta
720 402 786 427 sex
819 388 1013 439 elephanti
1047 393 1168 436 erant,
1190 401 1285 440 quos
1317 393 1391 425 tra-

50 451 151 489 didit
200 447 436 501 Alexandro,
473 451 670 503 multaque
719 464 854 502 pecora
903 451 1054 490 eximiae
1104 451 1391 502 magnitudinis.

51 515 75 532 ¹⁰
91 514 238 552 Tauros
272 514 321 552 ad
350 514 426 552 tria
458 514 591 562 millia,
611 515 821 565 pretiosum
856 515 902 552 ea
933 514 1100 565 regione,
1121 519 1393 565 acceptumque

50 577 187 614 animis
218 577 459 628 regnantium
486 582 706 615 armentum.
782 576 981 623 Quaerenti
1008 577 1244 625 Alexandro,
1264 577 1394 627 plures

49 639 300 690 agricultores
330 640 498 688 haberet,
527 653 575 677 an
594 639 770 678 milites?
800 642 821 662 “
836 653 922 678 cum
941 640 1091 679 duobus
1125 640 1300 691 Regibus
1320 640 1396 677 bel-

50 702 148 740 lanti
181 703 267 750 sibi,
287 704 430 753 majore
450 703 619 740 militum
644 716 758 754 quam
777 703 986 754 agrestium
1011 716 1128 741 manu
1155 715 1251 754 opus
1271 703 1392 750 esse,”

50 765 258 816 rospondit.
316 765 500 804 Abisares
533 771 573 804 et
605 766 731 804 Porus
761 771 881 814 crant,
911 766 978 804 sed
1005 766 1045 804 in
1072 767 1174 804 Poro
1204 766 1396 804 eminebat

52 829 272 866 auctoritas.
344 829 515 880 Uterque
549 829 655 866 ultra
686 829 900 880 Hydaspen
932 843 1080 867 amnem
1112 829 1318 880 regnabat;
1360 833 1399 866 et

52 891 144 929 belli
164 892 367 940 fortunam,
389 892 562 943 quisquis
583 905 688 930 arma
707 892 880 940 inferret,
902 893 1072 942 experiri
1093 893 1324 931 decreverat.

133 957 194 992 41.
228 954 402 1005 Omphis,
432 955 681 1005 permittente
718 954 958 1004 Alexandro,
990 960 1030 993 et
1064 956 1214 1006 regium
1250 955 1398 1006 insigne

54 1018 228 1068 sumpsit,
249 1022 289 1055 et
306 1031 411 1056 more
429 1018 557 1068 gentis
578 1031 669 1066 suae,
689 1031 827 1055 nomen
846 1018 950 1069 quod
969 1019 1092 1068 patris
1111 1019 1250 1056 fuerat.
1301 1018 1396 1056 Tax-

53 1080 143 1118 ilem
174 1080 414 1131 appellavere
445 1081 662 1131 populares,
693 1082 716 1099 ²¹
731 1086 915 1132 sequente
945 1082 1097 1119 nomine
1127 1081 1340 1132 imperium,
1361 1081 1400 1118 in

55 1156 330 1195 quemcumque
364 1144 560 1182 transiret.
620 1144 726 1195 Ergo
752 1146 837 1181 cum
862 1157 931 1194 per
950 1144 1121 1188 triduum
1153 1144 1400 1195 hospitaliter

58 1206 325 1245 Alexandrum
362 1207 582 1258 accepisset,
621 1212 761 1258 quarto
800 1207 876 1255 die,
915 1211 954 1245 et
990 1212 1181 1259 quantum
1217 1208 1401 1245 frumenti

55 1270 186 1321 copiis,
205 1283 300 1321 quas
332 1270 587 1321 Hephaestion
607 1270 779 1318 duxerat,
799 1270 1007 1321 praebitum
1027 1283 1049 1308 a
1076 1283 1116 1308 se
1143 1275 1257 1319 esset,
1278 1276 1401 1309 osteu-

57 1333 140 1371 dit:
170 1338 209 1371 et
239 1346 372 1371 aureas
403 1347 561 1372 coronas
593 1334 679 1384 ipsi,
701 1334 908 1385 amicisque
941 1333 1128 1382 omnibus,
1148 1339 1289 1385 praeter
1320 1334 1401 1372 haee

57 1396 196 1448 signati
215 1397 365 1447 argenti
383 1397 577 1448 octoginta
596 1396 744 1435 talenta
763 1397 862 1435 dono
883 1397 1001 1435 dedit.
1055 1396 1144 1443 Qua
1163 1397 1400 1449 benignitate

58 1461 141 1509 ejus
161 1459 384 1498 Alexander
403 1460 496 1497 mire
516 1459 642 1508 laetus,
663 1465 703 1497 et
720 1473 807 1512 quae
826 1460 859 1497 is
879 1460 1039 1498 dederat
1056 1461 1218 1509 remisit,
1239 1466 1278 1498 et
1295 1460 1402 1498 mille

59 1521 205 1560 talenta
237 1535 285 1560 ex
316 1522 461 1572 praeda,
487 1535 602 1573 quam
634 1522 810 1570 vehebat,
842 1523 1009 1572 adjecit:
1049 1523 1247 1574 multaque
1278 1523 1402 1561 convi-

59 1584 159 1623 valia
192 1598 240 1622 ex
261 1597 354 1622 auro
389 1590 428 1622 et
447 1590 604 1636 argento
632 1598 733 1632 vasa,
755 1585 964 1635 plurimum
995 1585 1166 1624 Persieae
1184 1586 1316 1634 vestis,
1337 1586 1401 1623 tri-

59 1648 167 1698 ginta
199 1660 315 1699 equos
344 1661 391 1685 ex
425 1648 516 1696 suis,
537 1661 623 1686 cum
654 1648 792 1686 iisdem
813 1648 838 1666 ¹²
850 1648 1065 1698 insignibus
1090 1649 1198 1700 queis
1231 1661 1403 1686 assueve-

59 1715 156 1758 rant,
186 1711 276 1748 cum
306 1711 431 1761 ipsum
449 1710 644 1748 veherent.
705 1710 803 1756 Quae
822 1710 1048 1759 liberalitas,
1071 1711 1170 1749 sieut
1188 1711 1402 1750 Barbarum

60 1773 330 1824 adstrinxerat,
349 1777 404 1811 ita
423 1773 564 1812 amicos
585 1773 706 1824 ipsius
726 1773 971 1812 vehementer
990 1774 1158 1812 offendit.
1209 1773 1243 1812 E
1263 1774 1404 1826 quibus

62 1836 257 1887 Meleager
276 1849 390 1887 super
409 1849 555 1874 coenarn
584 1836 750 1887 largiore
769 1836 858 1875 vino
886 1849 992 1885 usus,
1013 1836 1200 1888 gratulari
1225 1850 1265 1875 sc
1285 1837 1402 1875 Alex-

61 1900 178 1938 andro
199 1900 310 1948 dixit,
330 1899 433 1951 qued
454 1899 592 1937 saltem
606 1902 610 1907 '
626 1899 666 1937 in
686 1899 802 1938 India
822 1900 1029 1951 reperisset
1062 1900 1220 1950 dignum
1247 1900 1402 1938 talentis

61 1963 177 2001 mille.
235 1963 322 2002 Rex
353 1963 457 2001 haud
489 1963 631 2001 oblitus
664 1964 782 2014 quam
814 1963 916 2014 aegre
939 1963 1104 2011 tulisset,
1125 1963 1229 2014 quod
1259 1963 1403 2002 Clitum

63 2026 112 2065 ob
141 2026 284 2076 linguae
319 2027 579 2065 temeritatem
612 2026 827 2074 occidisset,
860 2027 959 2063 iram
991 2026 1147 2077 quidem
1180 2027 1316 2077 tenuit,
1336 2027 1403 2065 sed

63 2089 175 2137 dixit,
205 2089 402 2128 “Invidos
430 2089 603 2128 homines
635 2089 733 2127 nihil
763 2089 869 2127 aliud
887 2103 1002 2141 quam
1029 2089 1199 2140 ipsorum
1227 2102 1310 2128 esse
1330 2095 1404 2128 tor-

64 2153 227 2190 menta.’'

143 2215 269 2253 XIII.
301 2217 361 2253 42.
402 2216 562 2254 Postero
600 2216 673 2264 die,
707 2215 825 2267 legati
858 2216 1036 2255 Abisarae
1070 2216 1201 2255 adiere
1235 2217 1402 2268 Regem:

55 2279 190 2321 ,onmia
219 2278 357 2316 ditioni
385 2279 481 2328 ejus,
502 2279 558 2316 ita
575 2284 620 2316 ut
648 2279 870 2317 mandatum
902 2284 998 2328 erat,
1018 2280 1316 2331 permittebant,
1347 2282 1404 2318 fir·

64 2345 243 2393 mataque
263 2342 425 2380 invicem
443 2341 518 2380 fide
537 2342 788 2381 remittuntur
807 2343 856 2381 ad
876 2343 1033 2395 Regem.
1092 2344 1237 2382 Porum
1256 2356 1405 2395 quoque

66 2405 230 2444 nominis
251 2405 310 2443 sui
329 2405 432 2443 fama
450 2410 557 2444 ratus
577 2405 626 2444 ad
646 2405 881 2445 deditionem
898 2419 1009 2458 posse
1029 2407 1216 2457 compelli,
1231 2407 1338 2444 misit
1357 2405 1406 2443 ad

68 2481 153 2507 eum
175 2468 431 2518 Cleocharem,
451 2469 518 2521 qui
546 2469 792 2509 denunciaret
811 2471 859 2519 ci,
878 2476 924 2509 ut
952 2470 1183 2522 stipendium
1209 2469 1406 2520 penderet,
