1583 2680
462 139 624 165 Lmen
666 139 732 164 vx.
776 138 888 163 car.
932 137 962 162 1.
1310 125 1374 161 111

43 231 270 284 excipiebat,
290 232 301 249 ³
317 243 472 282 corpore
491 231 567 269 alia
584 230 741 280 vitabat,
757 230 876 270 donec
894 229 1006 267 hasta
1033 229 1179 271 femora
1197 229 1368 280 perfossa

41 295 206 346 plurimo
226 294 411 346 sanguine
431 295 562 342 effuso,
583 294 792 332 destituere
821 297 1063 344 pugnantem.
1123 292 1227 343 Ergo
1248 291 1378 341 clypco

43 371 111 396 suo
131 362 332 408 exceptum
352 358 531 408 armigeri
546 360 688 408 raptim
700 357 740 394 in
752 361 877 394 castra
890 355 1116 404 referebant,
1132 354 1379 405 jactationem

42 421 242 459 vulnerum
260 420 363 458 haud
380 421 493 458 facile
511 421 751 458 tolerantem.

123 487 157 522 2.
189 483 278 522 Non
297 489 424 521 tamen
457 483 619 521 omisere
651 482 931 521 Laccdaemonii
962 494 1148 533 pugnam3
1180 486 1219 518 ct
1246 486 1291 517 ut
1311 480 1382 530 pri-

43 546 152 584 mum
185 546 271 594 sibi,
303 547 421 597 quam
454 546 557 583 hosti
590 546 820 596 ⁴aequiorem
852 545 979 583 locum
999 557 1130 595 capere
1157 548 1380 594 potuerunt,

46 610 213 648 densatis
250 610 448 648 ordinibus
495 610 617 657 effusi,
655 610 836 647 fluentem
872 609 912 646 in
949 621 989 646 se
1026 608 1147 646 aciem
1186 612 1380 656 excepi-re.

44 673 57 690 ⁶
72 673 109 711 N
113 687 161 711 on
190 673 296 711 aliud
327 673 531 711 discrimen
550 673 813 710 vehementius
841 672 960 710 fuisse
978 671 1170 710 memoriae
1187 670 1382 721 proditum

45 742 114 774 cst.
172 737 345 774 Duarum
376 736 700 774 nobilissimarum
736 735 838 775 bello
869 735 1042 787 gentium
1075 735 1265 772 exercitus
1301 733 1384 783 pari

45 804 167 837 marte
200 799 430 850 pugnabant.
505 798 791 837 Lacedaemonii
834 803 976 846 vetera,
1015 797 1247 835 Macedones
1292 808 1383 846 pra:-

47 862 170 900 scntia
189 862 326 900 decora
344 861 602 900 intuebantur.
661 861 730 899 Illi
761 874 830 911 pro
857 861 1046 909 libertate,
1066 860 1106 897 hi
1132 872 1200 910 pro
1221 858 1384 897 domina-

48 925 152 963 tione
195 924 439 975 pugnabant:
489 923 790 962 Lacedaemoniis
836 923 926 971 dux,
966 922 1240 961 Macedonibus
1280 921 1387 959 locus

48 987 191 1025 deerat.
249 987 338 1024 Dici
356 999 504 1037 quoque
523 987 638 1023 unius
657 991 736 1022 tam
762 985 967 1035 multiplex
995 997 1117 1033 casus,
1137 984 1250 1022 modo
1270 995 1386 1034 spem,

46 1049 159 1087 modo
191 1053 336 1087 metum
367 1049 568 1099 utriusque
599 1048 722 1098 partis
755 1048 936 1098 augebat:
979 1047 1087 1085 velut
1120 1047 1166 1085 de
1196 1047 1388 1085 industria

47 1113 147 1150 inter
165 1111 396 1150 fortissimos
414 1111 516 1149 viros
546 1115 739 1148 certamen
757 1115 933 1161 aequante
961 1110 1126 1147 fortuna.
1186 1109 1388 1156 Caeterinn,

47 1175 233 1227 angustiae
261 1174 348 1222 loci,
368 1175 407 1212 in
436 1187 511 1226 quo
531 1173 719 1212 ‘haeserat
749 1186 889 1225 pugna,
917 1186 994 1211 non
1025 1172 1269 1224 patiebantur
1298 1173 1390 1210 totis

50 1238 229 1289 congredi
264 1237 423 1276 viribus.
495 1236 731 1288 Spectabant
767 1237 858 1287 ergo
894 1235 1038 1287 plures,
1074 1249 1189 1287 quam
1226 1236 1391 1273 inierant

49 1302 248 1353 praelium:
277 1306 318 1339 et
353 1301 421 1352 qui
454 1306 564 1339 extra
599 1300 669 1338 teli
702 1301 850 1350 jactum
881 1305 1001 1348 erant,
1035 1299 1198 1338 clamore
1230 1300 1390 1337 invicem

51 1378 140 1404 suos
187 1364 454 1403 accendebant.
531 1363 705 1402 Tandem
748 1363 943 1401 Laconum
989 1363 1090 1401 acies
1134 1363 1391 1414 languescere,

50 1429 199 1467 lubrica
227 1441 339 1480 arma·
364 1427 502 1466 sudore
534 1427 600 1465 vix
634 1427 853 1476 sustinens3
896 1425 1033 1477 pedem
1071 1426 1211 1464 deinde
1249 1426 1392 1463 referre

51 1491 166 1542 coepit
184 1504 238 1540 ac,
256 1496 418 1542 urgente
437 1491 558 1538 hoste,
581 1491 712 1540 aperte
731 1490 873 1540 fugere.
931 1489 1211 1541 Insequebatur
1239 1489 1394 1539 dissipa-

53 1560 114 1592 tos
132 1553 267 1601 victor,
287 1559 326 1591 et
346 1565 521 1591 emensus
540 1565 655 1590 cursu
674 1565 784 1590 omne
815 1552 993 1602 spatium,
1013 1552 1116 1603 quod
1148 1552 1250 1590 acies
1279 1552 1393 1589 Laco-

53 1630 145 1655 num
165 1616 394 1664 obtinuerat,
414 1616 540 1666 ipsum
560 1615 679 1667 Agim
709 1614 1020 1666 persequebatur.
1078 1614 1168 1663 Ille,
1187 1620 1233 1652 ut
1264 1615 1395 1664 fugam

55 1693 223 1728 suorum,
257 1684 297 1717 et
328 1679 522 1730 proximos
554 1678 724 1716 hostium
756 1678 966 1728 conspexit,
1003 1677 1141 1728 deponi
1174 1691 1214 1716 sc
1252 1678 1394 1728 jussit:

56 1748 312 1795 expertusque
344 1743 526 1790 membra,
547 1755 595 1779 an
627 1742 811 1792 impetum
831 1741 948 1779 animi
967 1741 1074 1793 sequi
1102 1746 1269 1792 possent,
1298 1746 1396 1791 post-

55 1820 170 1859 quam
202 1806 361 1844 deficere
399 1806 531 1854 sensit,
570 1805 807 1856 'poplitibus
840 1810 960 1843 semet
996 1805 1170 1856 excepit:
1212 1805 1398 1855 galeaque

58 1870 210 1909 strenue
244 1870 409 1920 sumpta,
456 1869 589 1920 clypeo
626 1873 831 1921 protegens
877 1881 1024 1919 corpus,
1062 1868 1212 1906 hastam
1259 1868 1398 1906 dextra

58 1933 247 1982 vibrabat,
267 1933 396 1971 ‘ultro
414 1945 553 1971 vocans
584 1933 734 1971 hostem
767 1932 800 1970 si
827 1932 912 1984 quis
937 1932 1081 1983 jacenti
1109 1931 1230 1982 spolia
1251 1931 1400 1969 demere

61 1996 230 2034 auderet.
300 1996 384 2034 Nec
415 1996 618 2047 quisquam
648 1996 738 2044 fuit,
770 1996 837 2046 qui
869 1996 1077 2033 sustineret
1113 1995 1287 2033 cominus
1319 2008 1401 2033 con-

62 2059 182 2110 gredi.
238 2059 380 2098 Procul
397 2059 610 2098 missilibus
641 2059 903 2110 appetebatur,
924 2072 969 2096 ca
999 2059 1083 2109 ipsa
1111 2058 1151 2096 in
1181 2058 1330 2096 hostem
1348 2072 1402 2096 re—

64 2128 258 2173 torquens,
278 2121 396 2161 doncc
414 2122 547 2160 lancea
564 2122 669 2160 nudo
683 2122 830 2173 pectori
842 2122 960 2160 infixa
974 2127 1054 2159 est:
1083 2124 1161 2173 qua
1180 2135 1228 2160 ex
1246 2121 1403 2159 vulnere

67 2185 211 2233 evulsa,
241 2184 465 2223 inclinatum
497 2198 540 2223 ae
572 2185 752 2224 deficiens
782 2190 897 2236 caput
927 2185 1060 2236 clypco
1090 2185 1285 2236 paulisper
1319 2185 1404 2221 ”cx-

68 2249 179 2299 cepit.
238 2247 400 2296 Deinde,
419 2247 616 2300 linquente
650 2249 802 2300 spiritu,
830 2249 976 2300 pariter
1009 2261 1052 2287 ac
1084 2247 1405 2299 sanguinc‚n1ori-

70 2311 222 2351 bundus
242 2311 279 2348 in
299 2323 404 2348 arma
421 2311 636 2361 procubuit.

150 2377 183 2413 3.
216 2373 399 2413 Cecidere
431 2373 805 2413 Lacedaemoniorum
824 2376 991 2427 quinque
1021 2375 1140 2413 millia
1168 2380 1207 2411 ct
1235 2385 1333 2410 ccc:
1363 2385 1409 2409 cx

76 2438 350 2479 Macedonibus
382 2437 484 2474 haud
516 2437 684 2488 amplius
710 2438 827 2476 mille.
886 2438 1080 2477 caeteram
1114 2437 1179 2475 vix
1211 2436 1409 2487 quisquam
