1583 2680
566 169 729 195 Linea
767 170 811 195 x.
853 169 968 195 car.
1013 169 1082 196 1x.
1421 161 1497 197 263

155 261 359 300 ciliandam
387 261 551 313 gratiam
581 274 667 299 cum
695 261 893 311 Perdices,
921 266 991 301 aut
1017 261 1135 300 armis
1173 261 1391 300 certandum
1417 275 1499 301 csse

154 324 367 364 censebant.

232 389 295 426 22.
325 387 444 438 Forte
465 388 520 426 ita
537 386 739 436 acciderat,
754 392 798 425 ut
815 387 879 439 qui
899 388 940 426 in
958 387 1061 439 agris
1079 391 1200 436 erant,
1218 388 1499 439 populationem

152 450 333 489 villarum
351 449 592 502 vicorumque
619 450 745 499 veriti,
775 452 1022 503 confligerent
1052 451 1093 488 in
1121 450 1277 500 mbem3
1309 451 1498 502 oppidani,

152 516 237 552 etun
267 514 370 565 ipsos
400 514 584 552 alimenta
615 513 824 563 deficerent,
855 515 949 554 urbe
986 514 1232 564 excederent3
1274 519 1312 552 et
1347 514 1499 566 utrique

151 577 282 629 generi
301 578 420 616 tutior
438 577 563 616 aliena
581 577 704 626 sedes,
723 579 837 628 quum
865 591 946 626 sua,
963 577 1169 617 videretur.
1227 577 1399 623 Quorum
1416 590 1500 616 con-

152 641 423 679 sternationem
441 640 669 679 Macedones
687 640 815 689 veriti,
835 641 876 679 in
893 640 1039 692 regiam
1056 645 1208 690 coeunt,
1227 654 1383 692 quaeque
1402 641 1500 692 ipso·

153 716 239 741 rum
268 703 459 742 sententia
490 708 601 752 esset,
634 708 838 754 exponunt.
907 704 1093 743 Placebat
1124 708 1252 743 autem
1278 704 1424 756 legatos
1451 704 1500 742 ad

153 766 301 818 equites
319 767 437 815 mitti,
457 766 503 805 de
521 767 685 805 finienda
705 767 908 816 discordia,
921 768 1111 819 armisque
1128 767 1322 818 ponendis
1371 768 1501 819 Igitur

155 843 178 867 a
197 830 303 881 Rege
321 829 473 882 legatur
491 830 612 868 Pasas
632 829 848 879 Thessalus,
878 836 917 868 et
935 830 1111 869 Amissas
1141 830 1500 882 Megalopolitanus,

151 897 192 931 et
210 893 395 931 Perilaus.
453 892 530 938 Qui
559 894 648 930 cum
674 892 852 931 mandata
879 893 1000 945 Regis
1028 893 1263 943 edidissent;
1292 906 1367 932 non
1387 893 1501 932 aliter

154 956 347 1007 posituros
366 969 472 994 arma
491 956 648 1007 equites,
668 958 783 1007 quam
802 956 836 994 si
863 956 951 995 Rex
969 956 1169 995 discordiae
1188 962 1359 995 auctores
1377 957 1500 995 dedis-

153 1024 225 1067 set,
255 1019 379 1057 tulere
410 1031 641 1069 responsum,
698 1019 776 1056 His
806 1018 1049 1068 renunciatis,
1083 1022 1155 1058 suzi
1186 1024 1320 1070 sponte
1354 1020 1500 1058 milites

91 1122 97 1128 ,
152 1094 257 1120 arma
284 1081 448 1132 capiunt.
518 1081 691 1127 Quorum
721 1081 890 1120 tumultu
916 1095 938 1120 e
963 1083 1071 1134 regia
1104 1082 1309 1134 Philippus
1339 1083 1498 1132 excitus,
1559 1079 1563 1084 ’

151 1147 173 1166 “
189 1144 227 1183 N
230 1144 342 1194 ihil‚‘’
359 1144 498 1196 inquit,
521 1147 543 1166 “
559 1144 747 1182 seditione
761 1149 821 1182 est
840 1158 958 1195 opus:
986 1157 1075 1183 nam
1093 1145 1194 1184 inter
1213 1159 1253 1184 se
1271 1147 1499 1185 certantium

149 1208 318 1258 praemia,
345 1208 413 1260 qui
443 1207 670 1259 quieverint,
698 1207 945 1258 occupabunt.
1005 1208 1128 1247 Simul
1156 1214 1388 1248 mementote
1419 1224 1500 1249 rem

149 1283 232 1310 esse
250 1283 338 1309 cum
356 1270 516 1320 civibus,
535 1271 548 1289 ⁷
561 1270 701 1322 quibus
721 1283 827 1321 spem
852 1270 988 1322 gratiae
1006 1271 1083 1309 cito
1101 1271 1334 1322 abrumpere,
1355 1272 1404 1310 ad
1421 1273 1499 1312 bel-

147 1334 228 1373 lum
259 1333 373 1373 civile
400 1333 686 1385 properantium
718 1338 786 1372 est.
843 1334 983 1373 Altera
1012 1334 1216 1386 legatione,
1249 1349 1298 1373 an
1329 1336 1499 1388 mitigari

147 1397 310 1448 possint,
330 1397 592 1448 experiamur:
622 1401 661 1434 et
679 1396 806 1446 credo,
825 1397 992 1436 nondum
1022 1398 1144 1450 Regis
1161 1411 1317 1449 corpore
1336 1400 1496 1450 sepultO,

148 1461 198 1499 ad
228 1460 445 1512 praestanda.
473 1460 509 1499 ei
533 1462 640 1510 justa
677 1473 805 1498 omnes
841 1473 923 1499 esse
959 1466 1136 1501 coituros.
1207 1461 1320 1508 Quod
1351 1463 1401 1501 ad
1437 1477 1497 1501 me

147 1523 296 1572 attinet,
313 1523 474 1561 reddere
490 1523 563 1561 hoc
582 1523 783 1573 imperium
800 1523 914 1573 malo,
933 1526 1050 1575 quam
1064 1537 1236 1564 exercere
1254 1525 1396 1565 civium
1415 1539 1498 1564 san·

147 1586 270 1638 guine.
327 1585 383 1624 Et
410 1585 444 1623 si
472 1585 577 1623 nulla
608 1585 684 1623 alia
714 1586 925 1624 concordiae
955 1599 1042 1637 spes
1077 1592 1148 1636 est,
1180 1600 1246 1626 oro
1278 1601 1494 1640 quaesoque,

149 1648 280 1700 eligite
299 1648 524 1699 potiorem.”
593 1647 753 1688 Obortis
773 1647 910 1686 deinde
929 1647 1119 1699 lacrymis,
1140 1649 1313 1688 diadema
1331 1650 1499 1688 detrahit

148 1711 276 1762 capit-i,
308 1711 494 1759 dextram,
525 1714 603 1763 quai
631 1711 674 1749 id
705 1711 873 1760 tenebat,
903 1711 1144 1762 protendens,
1182 1717 1238 1762 ut,
1267 1713 1302 1751 si
1332 1714 1419 1765 quis
1458 1728 1498 1752 se

148 1775 363 1827 digniorem
398 1775 654 1826 profiteretur,
692 1774 892 1825 acciperet.
968 1774 1167 1826 Ingentem
1204 1789 1309 1827 spem
1343 1777 1496 1826 indolis,

147 1843 235 1877 ante
259 1851 346 1877 eum
375 1837 476 1876 diem
505 1837 639 1876 fratris
657 1837 832 1876 claritate
861 1851 1113 1889 suppressam,
1143 1852 1189 1877 ea
1213 1839 1410 1879 moderata
1437 1854 1498 1879 ex-

148 1901 286 1940 citavit
302 1901 438 1940 oratio.
493 1901 632 1954 Itaque
652 1901 780 1940 cuncti
806 1902 948 1940 instare
967 1907 1173 1953 coeperunt,
1193 1907 1238 1941 ut
1255 1916 1340 1955 quae
1358 1904 1498 1956 agita&

147 1969 219 2014 set,
237 1965 393 2016 exsequi
409 1964 536 2005 vellet.
594 1965 763 2003 Eosdem
781 1977 911 2004 rursus
932 1965 1046 2017 legat,
1066 1966 1266 2016 petituros,
1286 1971 1330 2004 ut
1357 1967 1497 2006 Melea-

147 2041 259 2080 grum
287 2027 446 2066 tertium
463 2028 599 2067 ducem
627 2029 853 2079 acciperent.
911 2027 1029 2066 Haud
1055 2029 1158 2080 aegro
1185 2029 1228 2066 id
1255 2029 1498 2081 impetratum

148 2095 218 2128 est.
275 2089 378 2128 Nam
398 2094 439 2128 et
457 2090 643 2130 abducere
663 2091 899 2142 Meleagrum
918 2090 1122 2129 Perdiccas
1140 2103 1163 2129 a
1179 2091 1288 2144 Rege
1305 2093 1497 2144 cupiebat,

149 2157 188 2190 et
205 2165 323 2190 unum
343 2151 490 2190 duobus
508 2152 520 2170 ⁸
533 2152 717 2203 imparem
735 2153 906 2190 futurum
922 2165 1005 2190 esse
1025 2153 1212 2193 censebat.
1267 2154 1396 2207 Igitur
1416 2155 1497 2194 Me-

147 2214 276 2267 leagro
295 2227 381 2252 cum
409 2214 596 2266 phalange
624 2215 775 2253 obviam
805 2228 965 2266 egresso,
993 2215 1195 2255 Perdiccas
1221 2218 1392 2269 equitum
1418 2223 1497 2256 tur·

147 2290 228 2315 mas
247 2277 476 2315 antecedens
496 2277 673 2315 occurrit.
730 2277 944 2329 Utrumque
963 2291 1095 2331 agmen
1113 2283 1250 2318 mutu-‘i
1269 2280 1496 2319 salutatione

146 2341 253 2379 facta
271 2346 362 2390 coit,
380 2341 422 2378 in
450 2345 678 2392 perpetuum
698 2341 759 2390 (ut
786 2341 1084 2395 arbitrabantur)
1113 2343 1313 2382 concordia
1340 2349 1380 2382 et
1406 2357 1497 2395 pace

146 2403 310 2443 firmata.

229 2467 306 2507 IX.
337 2469 398 2506 23.
431 2466 508 2507 Sed
538 2468 619 2518 jam
646 2467 738 2506 fatis
770 2467 1070 2508 admovebantur
1100 2468 1354 2508 Macedonum
1386 2471 1494 2521 genti
