1583 2680
104 169 128 204 2
535 177 713 203 CIIRIS.
753 177 1020 202 CELLARII

100 267 152 301 sit.
199 269 332 307 Quanta
344 267 492 311 Philippi
504 267 539 300 in
552 268 725 300 educando
737 268 806 300 filio
818 267 953 300 solertia
964 267 1074 307 fuerit,
1086 267 1236 311 Epistola
1248 269 1446 302 documento

102 326 161 360 est,
178 325 244 365 qua
266 321 331 353 sibi
353 322 545 363 gratulatus
568 321 642 359 fuit,
660 321 751 364 quod
773 320 814 353 iis
836 321 1043 364 temporibus
1066 321 1135 353 filio
1160 325 1279 354 auctus
1302 322 1355 361 sit,
1373 333 1446 365 quae

101 375 316 408 Aristotelem
332 375 413 407 dare
428 377 668 418 praeceptorem
690 374 827 418 possint,
845 374 905 417 qui
927 374 1046 417 patriae
1060 374 1155 407 urbis
1169 375 1446 408 instaurationem

101 432 272 472 praemium
292 428 417 461 laboris
440 429 483 460 ab
498 439 576 470 rege
599 428 687 460 tulit.
732 427 869 460 Assidui
892 432 1005 460 autem
1026 428 1208 461 nutritores
1224 432 1257 461 et
1271 432 1445 472 paedagogi

100 483 246 521 fuerunt,
269 481 443 520 Leonidas,
466 481 685 524 Lysimachus
711 482 878 519 Arcanan,
903 484 937 513 et
959 482 1105 524 ejusdem
1127 482 1236 524 gentis
1258 481 1463 525 Philippus,-

98 539 209 568 rector
223 533 435 567 valetudinis.
481 533 691 577 Eloquentiae
712 533 873 576 magistro
896 545 975 566 usus
998 538 1048 566 est
1061 534 1268 567 Anaximene
1291 536 1445 578 Lampsa-

100 601 192 628 cen0‚
209 589 303 632 cujus
329 587 509 621 calliditati
535 589 747 631 postmodum
770 587 976 620 eversionem
998 588 1118 631 patriae
1141 588 1289 627 donavit,
1306 588 1445 621 Homeri

98 642 249 675 earmina
263 641 352 674 tanti
373 641 463 681 fecit,
475 645 515 674 ut
529 653 703 685 nunquam
719 641 860 674 Iliadem
874 652 941 673 non
957 641 1112 675 comitem
1127 642 1277 674 haberet.
1324 643 1445 674 Praesa-

97 695 188 736 aium
210 694 365 727 militaris
387 694 628 737 magnitudinis
643 694 679 726 in
694 695 889 737 Bucephalo
911 706 998 737 puer
1010 695 1202 728 Alexander
1225 694 1328 734 dedit,
1345 707 1445 739 quem

99 748 247 787 mirifice,
260 749 386 781 umbrae
402 748 532 780 ratione
549 748 677 787 habita,
690 748 739 780 ita
750 747 838 780 rexit
854 747 1059 792 domuitque,
1072 752 1111 780 ut
1121 752 1228 791 pater,
1242 748 1350 781 omine
1366 748 1444 781 inde

97 806 206 845 capto,
223 801 428 841 exclamarit,
445 803 541 834 aliud
551 803 629 846 filio
651 813 784 845 regymcm
808 803 1014 845 quoerendam
1036 813 1106 841 esse,
1124 804 1279 845 quoniam
1299 803 1445 835 Macedo-

96 858 155 888 m'a
170 868 237 888 ozon
252 861 383 900 caperet.
429 855 606 888 Decimum
629 867 754 887 annum
770 859 804 887 et
823 855 1004 898 septimum
1027 856 1159 898 agebat,
1177 858 1251 888 cum
1266 861 1364 899 pater
1378 857 1444 899 By-

96 909 242 941 zantium
265 920 463 952 oppugnans
485 908 551 952 ipsi
575 908 898 941 administrationem
923 908 1020 951 regni
1043 908 1266 942 commisisset.
1327 910 1442 942 Rebel-

96 963 180 995 lavit
194 967 267 995 tum
281 962 432 996 Thraciae
449 964 602 1006 quaedam
618 962 749 1001 civitas,
766 973 867 1006 quani
887 963 1088 1002 adolescens,
1105 963 1263 1003 collectis,
1280 963 1340 1007 qui
1355 963 1442 996 domi

95 1017 206 1049 relicti
223 1020 329 1057 crant,
345 1017 518 1056 militibus,
531 1016 714 1060 improvisa
730 1016 901 1049 celeritate
916 1016 1091 1060 oppressit,
1105 1020 1139 1049 et
1153 1018 1272 1049 urbem
1287 1028 1326 1049 co
1333 1017 1444 1050 wenis

95 1071 315 1104 habitandam
338 1071 441 1111 dedit,
461 1071 522 1114 qui
545 1082 618 1103 eam
639 1070 880 1103 Alexandriam
903 1072 1124 1114 appellavere.
1171 1072 1238 1104 Sed
1260 1073 1336 1103 cum
1357 1073 1444 1104 male

95 1125 292 1167 procederet
317 1123 508 1167 Byzantina
534 1123 673 1163 obsidio,
690 1122 961 1165 (Atheniensium
983 1124 1086 1156 classe
1108 1123 1247 1156 obsessis
1273 1123 1444 1167 suppetias

95 1179 246 1221 ferente,)
270 1176 447 1220 Philippus
473 1176 543 1209 filio
566 1188 645 1209 usus
670 1177 713 1209 ad
737 1176 923 1219 subigenda
950 1175 1145 1210 Chersonesi
1171 1176 1303 1220 oppida.
1350 1178 1442 1210 Idem

94 1232 171 1262 etim
187 1241 228 1263 cx
243 1230 363 1263 Getico
378 1231 466 1262 bello
478 1230 587 1263 redux
597 1241 659 1273 per
670 1229 836 1263 Triballos
851 1229 918 1263 iter
931 1230 1066 1269 faceret,
1080 1233 1114 1262 et
1126 1229 1232 1262 Gracci
1244 1231 1442 1263 mercenarii

97 1283 220 1316 milites
231 1284 351 1327 praedae
364 1283 558 1316 societatem
569 1284 790 1327 postularent,
801 1283 1019 1316 altercatione
1029 1283 1065 1315 in
1074 1294 1222 1327 pugnam
1235 1288 1441 1327 erumpente,

94 1337 164 1381 ipse
186 1349 255 1376 rex,
273 1348 360 1380 equo
382 1336 569 1376 interfecto,
585 1338 794 1376 vulneratur,
810 1348 911 1380 quem
934 1338 1052 1380 clypeo
1066 1337 1258 1370 Alexander
1274 1337 1442 1380 jacentem

93 1390 187 1430 texit,
203 1390 405 1423 irruentium
422 1391 502 1424 alios
518 1390 651 1431 occidit,
665 1391 746 1424 alios
759 1390 859 1424 armis
869 1390 1002 1433 longius
1012 1390 1091 1423 inde
1103 1390 1321 1434 propulsavit.
1367 1392 1441 1424 Jam

93 1449 208 1477 tantus
235 1449 388 1477 evaserat
403 1445 604 1484 Alexander,
621 1449 661 1477 ut
683 1444 753 1478 sine
777 1448 908 1478 rectore
924 1448 984 1477 aut
999 1445 1137 1477 custode
1162 1444 1324 1478 exercitui
1346 1456 1442 1489 posse

94 1498 220 1542 praefici
235 1498 419 1538 videretur,
437 1509 539 1542 quam
555 1499 596 1531 (le
612 1510 646 1531 se
662 1498 852 1542 opinionem
867 1498 903 1531 in
918 1498 1054 1542 Illyrios
1067 1498 1186 1531 missus
1200 1498 1352 1531 victoriis
1368 1510 1442 1532 con-

95 1551 250 1584 firmavit.
297 1551 475 1595 Philippus
491 1551 622 1585 artibus
645 1555 842 1584 consecutus
859 1555 917 1591 est,
934 1556 973 1584 ut
990 1551 1119 1585 Graeeia
1134 1551 1306 1585 servitutis
1322 1553 1442 1596 jugum

95 1605 270 1649 acciperet.
317 1607 415 1639 Ultro
443 1606 531 1639 enim
558 1605 689 1650 quietos
714 1606 886 1645 lacessere,
910 1605 1000 1639 inter
1025 1606 1266 1639 concordantes
1291 1606 1370 1639 odia
1394 1606 1442 1638 in-

93 1664 234 1699 strucre,
249 1660 480 1693 dissidentium
496 1660 585 1693 rixas
601 1661 700 1700 alere,
713 1660 762 1693 ita
775 1661 972 1693 alterutram
984 1664 1114 1704 partem
1124 1661 1257 1704 juvare,
1269 1664 1309 1694 ut
1319 1665 1441 1694 utram-

93 1724 159 1756 que
175 1713 389 1757 opprimeret,
405 1713 547 1746 solennis
562 1713 612 1746 illi
628 1714 832 1747 consuetudo
847 1713 919 1746 fuit..
966 1713 1071 1747 Pauci
1087 1717 1239 1757 expertes
1255 1714 1325 1758 ejus
1341 1714 1431 1746 domi

93 1766 238 1799 nationis
263 1771 368 1807 erant,
393 1779 476 1811 quos
501 1767 734 1800 Demosthenis
761 1766 952 1810 eloquentia
977 1766 1013 1799 in
1038 1766 1196 1799 fibertate
1221 1768 1439 1801 sustentabat.

92 1821 158 1853 Sed
175 1824 208 1853 ct
229 1821 351 1853 horum
372 1821 509 1853 tandem
532 1821 576 1853 ad
599 1821 814 1854 Chaeroneam
829 1819 948 1859 victor,
964 1819 1062 1853 facile
1085 1818 1232 1852 obtinuit
1254 1819 1441 1863 Philippus,

95 1877 132 1906 ut
147 1873 329 1916 imperator
345 1873 480 1907 Graeciae
497 1874 657 1906 adversus
672 1875 789 1906 Persas
805 1877 986 1906 crearetur.
1033 1873 1170 1906 Bellicis
1182 1874 1282 1906 rebus
1298 1875 1438 1917 plerum-

94 1940 160 1972 que
175 1929 376 1966 Alexander,
402 1927 504 1960 etiam
528 1928 572 1960 acl
597 1927 811 1961 Chaeroneam
838 1927 964 1970 puello,
986 1927 1160 1967 intererat,
1185 1927 1220 1959 in
1246 1939 1313 1971 quo
1339 1940 1441 1971 penes

93 1983 202 2026 ipsum
226 1981 369 2014 victoria
392 1981 521 2015 stetisse
549 1981 683 2014 dicitur.
730 1983 770 2014 In
797 1993 901 2014 cornu
929 1981 1026 2020 enim,
1051 1982 1106 2014 cui
1130 1986 1283 2025 praeerat,
1307 1981 1439 2016 initium

94 2035 251 2068 vincendi
274 2036 409 2074 factum,
426 2041 521 2068 sacra
536 2036 772 2068 Thebanorum
795 2036 942 2073 cohorte,
960 2046 1034 2079 quae
1050 2047 1091 2068 ex
1106 2035 1291 2068 lectissimis
1315 2044 1440 2070 consta-

94 2090 164 2128 bat,
181 2089 313 2121 sortitm·
328 2089 516 2132 profligata.
564 2091 727 2122 Caeterum
745 2101 765 2121 a
780 2093 877 2131 patre
901 2088 1083 2131 aliquando
1107 2089 1234 2127 aberat,
1252 2101 1358 2121 eausa·
1375 2101 1441 2122 ma-

94 2144 154 2176 tris
168 2143 360 2183 inserviens,
373 2143 428 2176 cui
444 2143 618 2187 Philippus
635 2143 845 2187 Cleopatram
859 2143 1147 2186 superimluxerat,
1161 2143 1195 2175 in
1208 2144 1301 2187 eujus
1315 2145 1440 2188 nuptiis

95 2209 214 2240 parurn
238 2197 355 2235 abfuit,
372 2197 454 2241 quin
469 2198 670 2236 Alexander,
687 2209 781 2229 novae
804 2197 906 2239 prolis
923 2202 1011 2233 voto,
1029 2198 1120 2240 quod
1143 2198 1280 2230 Attalus
1305 2198 1439 2233 fecerat.

96 2251 287 2289 reclamans,
304 2263 323 2283 a
340 2255 435 2293 patre
451 2251 706 2284 interficeretur.
755 2250 940 2294 Philippus.
958 2252 1026 2283 dux
1050 2251 1129 2283 belli
1146 2264 1165 2283 a
1182 2251 1305 2283 (ll-:reis
1323 2252 1439 2290 faetus

96 2305 218 2337 bellum
242 2304 410 2337 Persicum
435 2305 568 2337 molitus
594 2309 652 2340 est.
679 2304 844 2347 prwmisso
860 2306 975 2337 Attalo
1003 2310 1035 2336 et
1064 2305 1281 2337 Parmenione
1298 2317 1373 2337 eum
1389 2318 1438 2337 eo-

96 2357 227 2401 piarum
244 2362 349 2401 parte,
367 2362 405 2390 ut
421 2361 553 2392 Grseeas
571 2358 603 2390 in
622 2359 699 2391 Asia
717 2358 872 2390 civitates
897 2359 1090 2391 lilwrarent.
1139 2361 1212 2401 lpse
1238 2360 1372 2392 oraculo
1388 2359 1440 2391 las-

97 2417 228 2449 lus,se11
246 2411 356 2455 potius
372 2413 541 2454 deeeptus.
553 2413 621 2454 jam
636 2411 760 2455 cepi-*se
777 2412 839 2443 sibi
857 2412 1016 2444 oria-niem
1033 2424 1043 2443 x
1057 2412 1218 2445 hlebalur.
1266 2411 1439 2456 Olympias

97 2465 279 2508 cleopan-:o
311 2466 501 2508 posthabita
534 2467 667 2497 fratrem
703 2467 938 2500 Alexandrum.
974 2469 1007 2509 111
1025 2466 1063 2497 iri
1097 2478 1121 2498 Γ(
1133 2478 1216 2507 gem.
1249 2467 1283 2498 in
1314 2466 1436 2498 bellum
