1583 2680
150 151 199 187 68
615 157 798 191 QUINT1
841 155 1022 182 eun‘r11

150 267 268 292 cornu
302 253 325 271 ¹⁵
337 252 538 290 demittere
572 251 596 269 ¹⁶
610 251 792 302 agitabat,
826 249 939 287 modo
971 250 1079 286 recta
1110 248 1235 285 fronte
1268 257 1489 284 concurrere

151 317 274 355 hosti:
303 316 497 354 interdum
525 315 705 354 lizesitarc
734 315 758 331 ¹⁷
773 326 820 350 an
847 312 980 363 potins
1010 312 1050 349 in
1075 311 1216 350 laevum
1246 311 1494 361 detorqueret

152 394 297 432 agmen.
356 379 529 418 Tandem
558 382 764 430 gravatum
797 376 914 414 animi
947 375 1143 413 anxietate
1171 387 1309 425 corpus
1344 373 1368 392 ¹⁸
1381 372 1495 411 altior

152 457 305 482 somnus
326 443 527 494 oppressit.
1479 487 1483 490 Δ

231 510 292 545 51.
351 507 518 557 Jamque
551 506 635 543 luce
665 506 763 552 orta,
785 503 899 541 duces
920 502 968 539 ad
989 501 1207 551 accipienda
1235 500 1395 551 imperia
1414 511 1495 536 corn-

153 575 347 618 venerant,
368 570 524 608 insolito
545 568 646 606 circa
673 566 898 618 praetorium
931 565 1085 603 silentio
1119 564 1285 602 attoniti.
1344 562 1495 612 Quippe

154 634 250 671 alias
270 646 462 671 accersere
482 633 600 687 ipsos,
623 635 662 669 et
680 630 877 668 interdum
904 633 1099 667 morantes
1119 628 1305 678 castigarc
1325 639 1496 664 assueve-

154 703 224 735 rat.
283 697 391 735 Tunc
409 710 457 734 ne
471 697 607 734 ultimo
627 695 782 746 quidem
802 706 930 731 rerum
950 692 1169 730 discrimine
1185 692 1396 729 excitatum
1415 702 1498 727 csse

154 760 401 808 mirabantur,
417 765 455 797 et
469 772 545 797 non
565 771 696 797 somno
715 758 924 808 quiescere,
942 756 1009 793 sed
1027 768 1166 805 pavore
1184 766 1353 792 marcere
1374 752 1499 790 erede-

154 825 255 861 bant.
315 824 405 861 Non
424 828 552 860 tamen
571 822 774 872 quisquam
793 834 812 858 e
833 819 1057 857 custodibus
1085 818 1254 869 corporis
1284 817 1427 854 intrare
1447 821 1500 853 ta—

156 886 401 924 bernaculum
417 885 595 932 audebat,
612 888 651 921 et
666 885 748 933 jam
763 887 914 933 tempus
929 882 1119 931 instabat3
1140 894 1209 919 nec
1224 881 1335 918 miles
1350 881 1501 930 injussu

155 949 275 998 (lucis,
296 954 362 986 aut
381 962 486 986 arma
507 960 640 998 capere
668 951 834 997 poterat,
855 951 923 983 aut
942 946 982 983 in
1001 945 1154 983 ordines
1182 945 1248 983 ire.
1306 944 1389 982 Diu
1410 940 1502 982 Par-

155 1013 279 1050 menio
300 1017 512 1059 cunctatus,
530 1011 656 1049 cibum
675 1015 720 1047 ut
741 1013 933 1059 caperent,
956 1009 982 1027 ²⁹
996 1008 1078 1058 ipse
1097 1008 1338 1058 pronunciat.
1396 1007 1501 1045 Jam-

155 1090 228 1128 que
249 1077 352 1113 exire
372 1087 525 1112 necesse
545 1078 647 1111 erat:
677 1078 769 1110 tunc
790 1072 943 1109 demum
968 1071 1090 1109 intrat
1117 1069 1417 1120 tabernaculum,
1437 1083 1500 1108 sac-

155 1139 321 1190 piusque
340 1138 492 1176 nomine
521 1135 805 1185 compellatum,
827 1137 912 1172 cnm
933 1147 1024 1172 voce
1045 1146 1122 1172 non
1149 1139 1290 1185 posset,
1311 1138 1421 1172 tactu
1441 1147 1499 1170 ex-

156 1202 301 1239 citavit.
360 1203 381 1221 “
397 1199 526 1237 Multa
539 1199 644 1246 lux,’'
661 1197 798 1249 inquit,
817 1199 837 1218 “
853 1202 922 1235 est.
981 1197 1219 1235 Instructam
1239 1198 1359 1235 aciem
1378 1197 1502 1235 hostis

157 1264 349 1302 admovit:
380 1267 470 1300 tuus
488 1261 598 1299 miles
614 1261 738 1298 adhuc
757 1260 914 1297 inermis
936 1265 1134 1310 exspectat
1152 1260 1366 1311 imperium.
1424 1259 1504 1299 Ubi

157 1332 216 1365 est
234 1327 344 1377 vigor
363 1325 430 1363 ille
463 1324 580 1362 animi
599 1324 688 1361 tui?
715 1323 852 1373 nempe
887 1323 1055 1361 excitare
1074 1323 1212 1373 vigiles
1245 1323 1382 1361 soles.'’
1437 1323 1504 1361 Ad

157 1392 238 1429 haec
254 1388 498 1428 Alexander:
529 1390 550 1408 “
567 1387 753 1426 Credisne
768 1400 828 1424 me
842 1387 951 1437 prius
971 1400 1146 1425 somnum
1166 1400 1300 1437 capere
1319 1386 1503 1437 potuisse,

158 1455 274 1519 qujm
294 1465 540 1490 exonerarem
560 1450 728 1488 animum
748 1449 1019 1498 sollieitudine,
1040 1463 1127 1501 quae
1146 1450 1314 1501 quietem
1332 1450 1504 1488 moraba-

158 1524 224 1555 tur
238 1518 254 1554 ἶ)
268 1518 288 1537 ”
319 1517 545 1567 signumque
563 1527 702 1565 pugnae
722 1514 817 1552 tuba
838 1513 922 1551 dari
938 1513 1066 1563 jussit.
1126 1513 1181 1551 Et
1201 1515 1290 1550 eum
1309 1513 1350 1551 in
1370 1513 1505 1552 eadem

159 1580 410 1618 admiratione
440 1578 648 1616 Parmenio
669 1582 933 1627 perseveraret
950 1589 957 1613 :
989 1579 1009 1597 “
1026 1576 1223 1627 Minimc,'‘
1244 1577 1382 1628 inquit,
1403 1579 1424 1598 “
1438 1577 1504 1615 mi-

158 1658 244 1682 rum
263 1648 332 1681 est.
391 1642 476 1692 Ego
497 1641 610 1689 enim,
631 1642 722 1678 cum
743 1640 886 1678 Darius
906 1645 1029 1678 terras
1048 1645 1190 1690 ureret,
1207 1641 1312 1680 vicos
1331 1641 1504 1679 excinde-

159 1712 230 1756 ret,
247 1707 429 1744 alimenta
447 1709 719 1755 corrumperet,
739 1704 764 1721 ²⁰
776 1709 911 1754 potens
926 1704 1001 1742 mci
1020 1717 1095 1741 non
1111 1718 1224 1742 eram.
1283 1704 1398 1743 Nunc
1413 1706 1505 1744 vero

159 1771 253 1823 quid
284 1774 465 1816 metuam,
499 1769 588 1805 cum
621 1767 701 1805 acie
735 1768 936 1805 decernere
972 1767 1111 1817 paret?
1167 1767 1339 1804 Hercule
1372 1773 1506 1806 votum

160 1847 287 1872 mcum
306 1832 500 1883 implevit3
532 1831 599 1869 sed
618 1830 733 1880 hujus
753 1844 904 1882 quoque
928 1830 1080 1868 consilii
1098 1831 1198 1868 ratio
1218 1831 1356 1880 postea
1374 1831 1504 1869 redde-

162 1904 235 1936 tur.
294 1896 377 1935 Vos
397 1896 451 1933 ite
471 1895 519 1932 ad
539 1894 680 1945 copias,
700 1894 840 1945 quibus
859 1894 1021 1945 quisque
1041 1899 1203 1944 praecst:
1233 1908 1302 1945 ego
1320 1897 1400 1945 jam
1421 1895 1504 1933 ade-

162 1975 216 2009 ro,
234 1965 272 1999 et
287 1960 380 2012 quid
394 1959 477 1997 ficri
490 1958 619 2006 velim,
636 1958 859 2007 exponam.’'
914 1958 1054 1995 ²¹Raro
1071 1958 1290 2006 admodum,
1308 1958 1506 1997 admonitu

163 2025 283 2075 magis
303 2023 508 2061 amicorum
527 2022 644 2073 quam
662 2025 767 2058 metu
788 2021 1019 2058 discriminis
1039 2021 1141 2072 quod
1170 2021 1389 2059 adeundum
1409 2033 1506 2070 erat,

163 2089 221 2126 uti
240 2087 404 2125 ‘solebat
439 2086 674 2124 munimento
712 2085 880 2135 corporis
898 2097 906 2122 ε
937 2089 1018 2122 tum
1056 2099 1205 2137 quoque
1239 2091 1390 2136 sumpto
1423 2099 1502 2137 pro-

165 2151 280 2190 cessit
301 2151 348 2188 ad
367 2150 520 2187 milites.
580 2148 700 2187 Haud
728 2148 825 2185 alias
846 2153 923 2185 tam
952 2148 1115 2186 alacrem
1135 2149 1311 2187 viderant
1332 2150 1504 2201 Regem,

165 2220 205 2252 ct
223 2209 335 2253 v⁶u1tu
364 2215 446 2263 ejus
477 2213 665 2260 interrito,
695 2217 839 2249 certam
869 2225 973 2262 spem
1003 2213 1175 2251 victoriae
1208 2213 1505 2264 augurabantur.

167 2279 298 2330 Atque
318 2277 383 2315 ille
404 2281 559 2327 proruto
579 2276 680 2313 vallo
701 2275 805 2313 exire
821 2276 948 2325 copias
965 2276 1089 2326 jubet,
1111 2277 1304 2328 aciemque
1325 2277 1505 2327 disponit.

246 2345 306 2379 59..
335 2340 382 2378 In
403 2340 539 2377 dextro
558 2353 674 2377 cornu
706 2339 820 2376 locati
848 2345 933 2376 simt
966 2341 1123 2390 equites,
1142 2353 1235 2391 quos
1265 2342 1420 2390 Agcma
1448 2354 1509 2391 ap·

167 2404 320 2456 pellant.
396 2403 567 2441 Praeorat
603 2402 662 2439 his
701 2402 838 2448 Clitus,
877 2403 936 2440 eui
979 2403 1108 2452 junxit
1146 2403 1314 2442 Philotae
1352 2409 1508 2452 turmas,

169 2473 398 2518 caetcrosque
429 2467 639 2504 Praefoctos
675 2466 842 2516 οιμιῐῒιιιιι
873 2467 978 2504 lateri
1000 2468 1082 2515 ejus
1111 2466 1306 2516 applicuit.
1366 2467 1512 2506 Ifltima
