1583 2680
123 166 200 203 202
584 178 769 210 QUINTI
810 177 995 204 cunru

123 269 212 308 Rex
231 270 242 287 Β
255 270 451 308 fortuitam
470 269 647 308 laetitiam
675 283 750 308 non
769 274 974 318 aversatus,
995 268 1101 321 large
1122 269 1170 307 ad
1201 269 1331 320 epulas
1349 268 1462 308 omni·

120 332 192 371 bus
222 333 407 383 praebitis,
437 346 504 383 per
534 333 662 371 decem
687 333 768 371 dies
787 333 957 371 ⁹Libero
985 333 1088 383 patri
1107 337 1303 383 operatum
1329 332 1462 371 habuit

122 396 341 434 exercitum.
417 396 512 441 Quis
544 401 657 448 neget
695 396 874 434 eximiam
909 409 1055 447 quoque
1092 395 1254 448 gloriam
1291 395 1463 445 ¹⁰saepi1‘1s

121 458 281 497 fortunae
311 459 428 509 quam
446 458 604 497 virtutis
635 471 716 497 esse
744 458 996 498 beneficium?
1023 458 1163 509 quippe
1194 471 1242 496 ne
1268 457 1465 508 epulantes

120 521 273 571 quidem
301 527 339 559 et
369 522 511 572 sopitos
529 535 632 560 mero
666 521 822 573 aggredi
842 534 956 560 ausus
975 526 1033 559 est
1061 521 1207 571 hostis3
1237 520 1339 558 haud
1358 532 1464 558 secus

119 584 382 622 bacchantium
401 585 704 636 ululantiumque
730 585 888 623 fremitu
914 584 1155 635 perterrituS,
1176 585 1292 635 quam
1320 584 1353 621 si
1371 596 1465 633 prae-

119 646 298 684 liantium
330 647 472 686 clamor
502 652 601 686 esset
633 648 799 686 auditus.
856 648 1003 686 Eadem
1035 647 1198 685 felicitas
1229 647 1277 685 ab
1313 646 1466 686 Oceano

119 714 353 748 revertentes
383 711 614 749 temulentos
644 715 1006 760 commessantesque
1037 709 1174 747 ¹¹inter
1203 722 1269 747 ora.
1294 709 1466 746 hostium

120 773 227 811 texit.

199 838 259 874 34.
289 835 394 872 Hinc
423 835 472 872 ad
501 835 704 886 regionem,
735 848 820 886 quae
852 834 1014 874 Daedala
1044 838 1212 883 vocatur,
1243 839 1467 885 perventum

118 903 184 937 est.
241 898 498 936 Deseruerant
509 898 645 937 incolae
659 898 781 947 sedes,
795 903 835 936 et
848 898 890 936 in
909 898 1014 937 avios
1027 898 1304 949 sylvestresque
1318 903 1466 936 montes

118 961 375 1012 confugerant.
433 961 539 1013 Ergo
571 961 747 1000 Acadera
777 961 932 1010 transit,
963 961 1069 1012 aeque
1102 965 1190 999 usta.
1219 966 1257 998 et
1285 961 1467 999 destituta

118 1025 363 1062 incolentium
391 1025 493 1076 fuga.
550 1024 688 1076 Itaque
717 1025 903 1063 rationem
934 1025 1028 1064 belli
1056 1024 1262 1063 necessitas
1289 1024 1463 1063 mutavit.

117 1087 261 1125 Divisis
292 1087 400 1125 enim
419 1087 550 1138 copiiS,
580 1087 754 1138 pluribus
786 1088 902 1125 simul
931 1087 1025 1125 locis
1053 1100 1157 1125 arma
1185 1087 1374 1125 ostendit:
1403 1100 1465 1137 op-

117 1150 324 1201 pressique,
343 1151 410 1189 ubi
439 1163 517 1188 non
547 1155 860 1201 exspectaverant
888 1150 1049 1199 hostem,
1071 1150 1170 1188 omni
1199 1149 1306 1188 clade
1333 1150 1465 1200 perdo-

116 1213 203 1250 miti
232 1218 330 1252 sunt.
402 1213 639 1252 Ptolemaeus
668 1213 851 1264 plurimas
879 1213 1002 1261 urbes,
1031 1213 1254 1251 Alexander
1280 1214 1466 1251 maximas

117 1277 240 1326 cepit:
279 1277 490 1327 rursusque
519 1289 613 1328 quas
644 1276 894 1315 distribuerat
925 1277 1051 1327 copias
1080 1276 1221 1326 junxit.
1278 1276 1465 1326 Superato

117 1339 252 1377 deinde
293 1339 463 1389 Choaspe
501 1352 620 1387 amne,
661 1338 804 1378 Coenon
837 1339 877 1376 in
907 1339 1103 1377 obsidione
1135 1339 1242 1377 urbis
1274 1340 1465 1390 opulentae

118 1402 308 1451 (Beziram
339 1402 471 1440 ineolae
502 1404 655 1453 vocant)
692 1402 858 1453 reliquit.
927 1402 1017 1453 Ipse
1046 1402 1095 1440 ad
1132 1403 1312 1455 Mazagas
1345 1403 1463 1451 venit,

116 1478 233 1515 nuper
269 1466 464 1503 Assacano
500 1465 622 1514 (eujus
652 1477 812 1516 regnum
844 1465 984 1516 fuerat)
1019 1465 1224 1504 demortuo.
1299 1466 1464 1517 Regioni

116 1541 262 1580 quoque
281 1528 440 1578 urbique
459 1533 622 1578 praeerat
639 1532 762 1566 mater
781 1529 862 1577 ejus
884 1527 1080 1578 Cleophes.
1150 1528 1327 1579 Triginta
1344 1529 1466 1567 millia

115 1591 287 1641 peditum
325 1590 533 1628 tuebantur
562 1590 706 1639 urbem,
739 1603 814 1628 non
843 1591 920 1628 situ
950 1591 1083 1639 solam,
1104 1591 1171 1628 sed
1201 1591 1316 1629 etiam
1352 1604 1465 1642 opere

116 1654 310 1692 munitam.
370 1652 472 1690 Nam
504 1655 581 1704 qua
614 1658 762 1703 spectat
797 1653 1006 1702 Orientem,
1044 1653 1210 1706 cingitur
1247 1667 1354 1692 amne
1390 1660 1465 1693 tor·

115 1717 225 1766 renti,
245 1717 310 1767 qui
327 1717 532 1767 praeruptis
550 1716 728 1767 utrinque
759 1717 918 1767 rupibus
948 1717 1096 1754 aditum
1124 1717 1173 1754 ad
1190 1717 1323 1755 urbem
1349 1717 1463 1768 impe-

116 1781 185 1818 dit.
242 1780 306 1818 Ab
343 1779 552 1819 Occidente
585 1786 623 1818 et
652 1793 675 1817 a
704 1780 881 1828 Meridie,
909 1779 1014 1818 velut
1041 1780 1088 1818 de
1121 1780 1322 1829 industria,
1350 1793 1464 1831 rupes

115 1843 292 1893 praealtas
324 1843 505 1880 admolita
534 1847 673 1881 natura
692 1847 761 1891 est,
781 1843 883 1880 infra
900 1855 994 1893 quas
1022 1855 1190 1881 caverna}
1209 1847 1246 1880 et
1264 1843 1463 1895 voragines

117 1908 227 1957 longai
246 1910 437 1945 vetustate
455 1905 496 1942 in
515 1905 632 1943 altum
647 1911 789 1944 cavatae
804 1907 931 1955 jacent
947 1919 955 1943 :
984 1907 1133 1956 quilque
1153 1905 1344 1955 desinunt,
1361 1907 1462 1945 fossa

117 1969 282 2019 ingentis
302 1969 425 2019 operis
445 1968 593 2018 objecta
621 1973 688 2006 est.
747 1968 923 2019 Triginta
941 1968 1107 2020 quinque
1137 1969 1303 2010 stadium
1331 1983 1462 2009 murus

115 2034 246 2070 urbem
262 2032 536 2082 complectitur,
552 2033 661 2081 eujus
677 2031 859 2069 inferiora
874 2045 978 2079 saxo,
999 2032 1194 2082 superiora
1213 2033 1328 2071 crudo
1343 2033 1461 2073 latere

115 2102 202 2132 sunt
240 2101 394 2132 structa.
470 2097 495 2113 ¹²
513 2095 644 2132 Lateri
679 2094 869 2132 vinculum
905 2094 1050 2145 lapides
1088 2101 1189 2145 sunt,
1220 2109 1312 2148 quos
1348 2097 1461 2136 inter·

116 2164 284 2208 posui-re,
303 2164 346 2194 ut
366 2158 510 2196 duriori
530 2157 699 2196 materiae
714 2158 862 2209 fragilis
879 2158 1131 2196 incumberet:
1153 2159 1341 2211 simulque
1356 2164 1460 2199 terrai

115 2221 267 2258 humore
300 2220 435 2268 diluta,
467 2233 514 2257 ne
546 2220 698 2257 tandem
730 2220 939 2258 ”univorsa
972 2221 1195 2270 consideret,
1224 2222 1459 2273 interposita>

114 2290 220 2321 crant
240 2283 367 2320 trabes
387 2283 536 2330 validm,
556 2283 694 2334 quibus
715 2283 854 2333 injecta
875 2285 1044 2322 tabulata
1064 2298 1189 2323 muros
1210 2292 1248 2323 et
1268 2286 1458 2338 tegebant,

114 2354 152 2385 ot
171 2347 319 2397 pervios
338 2347 517 2384 fecerant.

195 2414 253 2449 35.
296 2410 390 2448 nme.
431 2409 662 2446 munimenta
704 2411 1020 2461 contemplantem
1060 2412 1336 2459 Alexandrum,
1374 2425 1456 2450 cou-

114 2474 262 2524 uiliique
292 2473 475 2511 incertum
497 2474 598 2523 (quia
628 2487 693 2511 uec
725 2487 915 2516 cavernas.
947 2475 1019 2512 nisi
1050 2488 1186 2526 aggere
1215 2481 1365 2525 poterat
1392 2476 1476 2513 im·-
