1583 2680
133 136 204 174 150
592 149 782 179 QU1N¹r1
820 133 1006 175 eU'R'ru

128 240 263 279 diebus
296 244 450 292 gentem
488 241 766 292 Evergetarum
803 243 1005 290 ordinavit,
1043 246 1181 294 magna
1220 244 1381 294 pecunia
1418 244 1468 283 ob

127 304 317 354 egregiam
350 304 389 341 in
421 304 567 355 Cyrum
598 306 711 343 fidem
745 306 898 344 donata.
956 306 1110 344 Relicto
1139 306 1289 355 deinde,
1317 307 1384 358 qui
1419 308 1468 345 iis

126 371 320 417 praeesset,
341 367 565 417 Armenide,
587 369 726 418 (scriba
755 369 788 407 is
809 369 919 407 Darii
951 370 1093 420 fuerat)
1114 370 1360 418 Arachosios,
1381 383 1469 421 quo-

126 443 210 467 rum
228 430 334 481 regio
355 431 404 468 ad
437 431 643 469 Ponticum
675 445 778 470 mare
808 433 988 483 pertinet,
1017 433 1178 483 subegit.
1235 432 1300 472 Ibi
1329 433 1468 471 exerci-

126 497 202 541 tus,
222 493 288 544 qui
318 493 389 532 sub
416 493 670 533 Parmenione
700 496 838 544 fuerat,
859 496 1038 534 occurrit.
1097 495 1174 535 Sex
1201 496 1324 534 millia
1344 496 1468 533 Mace-

126 555 267 593 donum
300 561 419 605 erant,
449 562 488 595 et
522 558 677 596 ducenti
709 559 868 609 nobiles,
902 564 940 597 et
972 559 1140 610 quinque
1171 559 1292 597 millia
1321 558 1468 598 Graeco-

125 632 221 667 rum,
259 632 346 657 cum
391 621 583 671 equitibus
622 622 808 670 ducentis,
845 622 950 660 haud
996 622 1113 661 dubie
1147 622 1264 661 robur
1301 622 1469 660 omnium

125 682 265 720 virium
299 683 430 734 Regis.
488 685 713 724 Arachosiis
747 686 862 723 datus
891 686 1074 724 Memnon
1107 685 1271 734 Praetor,
1305 689 1471 736 quatuor

125 745 296 783 millibus
315 747 500 796 peditum,
522 752 561 785 et
580 749 770 786 sexcentis
786 749 981 799 equitibus
1000 749 1039 786 in
1054 748 1276 798 praesidium
1294 747 1450 786 relictis.

209 809 265 845 10.
298 808 388 858 Ipse
418 809 507 847 Rex
524 810 718 848 nationem
748 824 796 849 ne
824 811 998 849 finitimis
1027 811 1184 862 quidem
1214 811 1309 849 satis
1326 815 1470 858 notam,

126 870 265 920 quippe
285 870 391 909 nullo
412 874 635 911 commercio
656 874 845 912 colentem
874 880 1030 913 mutuos
1055 887 1161 923 usuS‚
1182 887 1268 912 cum
1299 874 1472 913 exercitu

125 933 293 972 intravit.
351 935 662 986 Parapamisadae
676 937 941 988 appellantur3
964 942 1112 989 agreste
1127 938 1322 976 hominum
1340 949 1471 989 genus,

127 1001 166 1034 et
203 997 304 1035 inter
345 998 528 1038 barbaros
564 1000 731 1038 maxime
769 1001 1030 1039 inconditum:
1076 1001 1247 1039 locorum
1285 1001 1472 1051 asperitas

126 1060 322 1098 hominum
350 1075 500 1113 quoque
533 1062 687 1114 ingenia
724 1063 938 1102 duraverat.
997 1063 1286 1103 Gelidissimum
1315 1063 1470 1113 Septen-

127 1124 264 1161 trionis
298 1138 408 1162 axem
439 1139 486 1163 ex
504 1129 643 1176 magna
670 1131 779 1177 parte
808 1131 989 1177 spectant.
1047 1127 1265 1165 Bactrianis
1285 1126 1333 1164 ad
1364 1126 1471 1165 Occi·

128 1187 282 1225 dentem
315 1189 509 1238 conjuncti
540 1194 641 1227 sunt.
700 1190 918 1228 Meridiana
948 1190 1074 1242 Regio
1094 1190 1143 1228 ad
1171 1203 1274 1228 mare
1293 1189 1472 1227 Indicum

127 1251 263 1301 vergit.
335 1251 507 1302 Tuguria
538 1251 659 1290 latere
696 1252 845 1303 ²primo
883 1258 1047 1291 struunt.
1125 1253 1180 1291 Et
1211 1253 1301 1304 quia
1330 1252 1473 1291 sterilis

129 1318 188 1351 est
225 1318 329 1352 terra
359 1315 543 1363 materiae,
576 1316 617 1353 in
648 1316 751 1354 nudo
785 1316 899 1354 etiam
936 1317 1077 1355 montis
1115 1317 1239 1366 dorso,
1276 1329 1396 1367 usque
1424 1315 1473 1352 ad

129 1390 320 1414 summum
362 1377 608 1416 aedificiorum
643 1379 843 1430 fastigium
879 1380 1037 1418 ³eodem
1072 1380 1259 1418 laterculo
1296 1384 1471 1418 utuntur.

132 1440 330 1478 Caeterum
349 1446 543 1479 structura
561 1441 676 1480 latior
704 1443 752 1481 ab
781 1443 869 1492 imo,
889 1444 1077 1494 paulatim
1096 1445 1329 1482 incremento
1348 1443 1473 1494 operis

129 1503 168 1540 in
201 1505 344 1541 arctius
377 1505 550 1556 cogitur3
594 1506 643 1543 ad
675 1506 854 1544 ultimum
881 1509 922 1544 in
959 1508 1098 1546 carinae
1124 1508 1292 1545 maxime
1319 1507 1474 1545 modum

130 1570 218 1604 coit.
276 1567 341 1605 Ibi
370 1568 557 1606 foramine
587 1569 734 1618 relicto,
756 1572 919 1621 superne
951 1570 1081 1609 lumen
1101 1572 1302 1622 accipiunt.
1361 1570 1476 1608 Vites

131 1635 170 1668 et
200 1630 366 1679 arbores,
402 1631 435 1669 si
472 1645 558 1683 quae
584 1632 625 1670 in
653 1637 761 1671 tanto
790 1638 904 1672 terrae
930 1634 1057 1685 rigore
1086 1635 1225 1673 durare
1252 1638 1475 1685 potuerunt,

130 1694 323 1743 obruunt3
370 1694 524 1745 penitus
562 1695 697 1746 hyeme
740 1697 901 1736 defossae
939 1698 1087 1735 latent:
1136 1699 1236 1745 eum,
1276 1698 1364 1735 nive
1403 1697 1474 1734 dis-

132 1759 254 1805 cussa,
287 1758 427 1808 aperiri
459 1759 597 1796 humus
631 1760 758 1810 coepit,
789 1761 885 1798 eoelo
916 1761 1063 1812 solique
1095 1761 1318 1798 redduntur.
1396 1760 1475 1798 Cte-

133 1822 259 1858 ternm
279 1821 373 1859 adeo
394 1821 483 1859 altae
501 1822 608 1860 nives
627 1828 806 1873 premunt
825 1828 978 1871 terram,
998 1823 1088 1874 gelu
1106 1828 1146 1860 et
1173 1827 1358 1873 perpetuo
1378 1824 1474 1873 peu(-¹

132 1884 257 1934 rigore
291 1885 517 1932 constrictae,
548 1889 593 1922 ut
625 1898 672 1922 ne
706 1886 835 1923 avium
862 1886 1018 1936 quidem
1047 1887 1185 1924 feraeve
1215 1886 1334 1924 ullius
1361 1887 1475 1924 vesti-

133 1947 239 1997 gium
272 1951 409 1985 exstet.
470 1947 648 1987 Obscura
675 1948 759 1986 coeli
787 1949 918 1987 veritis
950 1949 1096 1996 umbra,
1126 1950 1242 2000 quam
1272 1949 1353 1998 lux,
1373 1951 1477 1987 nocti

135 2010 272 2047 similis
291 2011 433 2060 premit
451 2015 606 2059 terram,
622 2011 687 2050 vix
707 2017 752 2049 ut
769 2025 854 2063 qum
869 2014 989 2062 prope
1009 2017 1109 2060 sunt,
1131 2012 1298 2063 conspici
1317 2013 1474 2064 possint.

221 2077 275 2110 ll.
308 2073 357 2110 In
376 2074 449 2111 hac
470 2079 597 2112 tamen
617 2075 738 2112 omnis
766 2075 922 2113 humani
943 2075 1073 2113 cultus
1093 2076 1299 2114 solitudine
1321 2077 1478 2114 destitu-

138 2143 200 2174 tus
233 2137 435 2186 exercitus,
471 2137 657 2189 quidquid
693 2138 879 2176 malorum
917 2138 1073 2176 tolerari
1110 2144 1250 2189 potest,
1287 2140 1477 2190 pertulit:

138 2200 313 2251 inopiam,
345 2200 480 2250 friguS,
501 2200 777 2250 lassitudinem,
798 2201 1112 2251 desperationem.
1172 2202 1322 2240 Multos
1354 2203 1478 2241 exani·

138 2263 257 2302 mavit
276 2263 379 2313 rigor
409 2263 586 2301 insolitus
616 2264 738 2302 nivis:
768 2265 974 2302 multorum
995 2265 1166 2303 ‘adussit
1194 2266 1334 2316 pedes:
1364 2266 1479 2316 pluri-

139 2340 288 2365 morum
318 2327 438 2365 oculis
468 2327 658 2377 praeeipuc·
690 2328 948 2377 perniciabilis
980 2329 1064 2366 snit.
1125 2329 1297 2381 Fatigati
1330 2343 1479 2381 qnoque

140 2391 179 2428 in
200 2391 282 2441 ipso
301 2390 390 2441 gelu
420 2390 634 2428 deficientia
667 2405 823 2441 corpora
853 2393 1075 2430 sternebant
1093 2406 1099 2430 :
1128 2406 1213 2443 qua:
1233 2394 1321 2430 cnm
1339 2392 1479 2430 moveri

142 2454 346 2502 defflssent,
369 2453 425 2492 vis
444 2454 598 2505 frigoris
620 2456 672 2491 ita
695 2456 942 2506 astringebat,
964 2462 1007 2494 ut
1027 2457 1161 2493 rursus
1181 2456 1228 2493 ad
1248 2455 1478 2506 surgendum
