<?xml version="1.0" encoding="UTF-8"?>
<!DOCTYPE html PUBLIC "-//W3C//DTD XHTML 1.0 Transitional//EN"
    "http://www.w3.org/TR/xhtml1/DTD/xhtml1-transitional.dtd">
<html xmlns="http://www.w3.org/1999/xhtml" xml:lang="en" lang="en">
 <head>
  <title>
</title>
<meta http-equiv="Content-Type" content="text/html;charset=utf-8" />
  <meta name='ocr-system' content='tesseract 3.04.00' />
  <meta name='ocr-capabilities' content='ocr_page ocr_carea ocr_par ocr_line ocrx_word'/>
</head>
<body>
  <div class='ocr_page' id='page_1' title='image "./lifeexploitsofal00curtuoft/lifeexploitsofal00curtuoft_0268.png"; bbox 0 0 1583 2680; ppageno 0'>
   <div class='ocr_carea' id='block_1_1' title="bbox 123 152 1000 193">
    <p class='ocr_par' dir='ltr' id='par_1_1' title="bbox 123 152 1000 193">
     <span class='ocr_line' id='line_1_1' title="bbox 123 152 1000 193; baseline -0.003 -5"><span class='ocrx_word' id='word_1_1' title='bbox 123 152 200 188; x_wconf 80' lang='lat'>258</span> <span class='ocrx_word' id='word_1_2' title='bbox 591 161 776 193; x_wconf 79' lang='lat' dir='ltr'><strong>QU1NT1</strong></span> <span class='ocrx_word' id='word_1_3' title='bbox 815 160 1000 186; x_wconf 79' lang='lat' dir='ltr'><strong>CURTII</strong></span> 
     </span>
    </p>
   </div>
   <div class='ocr_carea' id='block_1_2' title="bbox 122 252 1475 2517">
    <p class='ocr_par' dir='ltr' id='par_1_2' title="bbox 122 252 1473 1504">
     <span class='ocr_line' id='line_1_2' title="bbox 124 252 1471 306; baseline -0.001 -14"><span class='ocrx_word' id='word_1_4' title='bbox 124 255 244 306; x_wconf 85' lang='lat' dir='ltr'>Rege,</span> <span class='ocrx_word' id='word_1_5' title='bbox 264 254 304 292; x_wconf 89' lang='lat' dir='ltr'>in</span> <span class='ocrx_word' id='word_1_6' title='bbox 336 253 472 292; x_wconf 71' lang='lat' dir='ltr'>eadem</span> <span class='ocrx_word' id='word_1_7' title='bbox 492 253 580 292; x_wconf 86' lang='lat' dir='ltr'>sede</span> <span class='ocrx_word' id='word_1_8' title='bbox 606 253 757 304; x_wconf 88' lang='lat' dir='ltr'>posuit:</span> <span class='ocrx_word' id='word_1_9' title='bbox 787 266 949 305; x_wconf 89' lang='lat' dir='ltr'>quorum</span> <span class='ocrx_word' id='word_1_10' title='bbox 979 256 1136 303; x_wconf 89' lang='lat' dir='ltr'>aspectu</span> <span class='ocrx_word' id='word_1_11' title='bbox 1165 265 1297 291; x_wconf 87' lang='lat' dir='ltr'>rursus</span> <span class='ocrx_word' id='word_1_12' title='bbox 1326 252 1471 292; x_wconf 77' lang='lat' dir='ltr'>obortae</span> 
     </span>
     <span class='ocr_line' id='line_1_3' title="bbox 122 316 1469 368; baseline -0.001 -13"><span class='ocrx_word' id='word_1_13' title='bbox 122 319 297 356; x_wconf 90' lang='lat' dir='ltr'>omnibus</span> <span class='ocrx_word' id='word_1_14' title='bbox 317 317 495 368; x_wconf 70' lang='lat' dir='ltr'>lacrymae</span> <span class='ocrx_word' id='word_1_15' title='bbox 514 317 754 368; x_wconf 71' lang='lat' dir='ltr'>integravere</span> <span class='ocrx_word' id='word_1_16' title='bbox 775 317 932 354; x_wconf 89' lang='lat' dir='ltr'>luctum.</span> <span class='ocrx_word' id='word_1_17' title='bbox 1011 316 1066 354; x_wconf 88' lang='lat' dir='ltr'>Et</span> <span class='ocrx_word' id='word_1_18' title='bbox 1086 316 1303 365; x_wconf 82' lang='lat' dir='ltr'>Perdiccas,</span> <span class='ocrx_word' id='word_1_19' title='bbox 1345 317 1365 337; x_wconf 78' lang='lat'>‘⁵</span> <span class='ocrx_word' id='word_1_20' title='bbox 1383 316 1469 367; x_wconf 84' lang='lat' dir='ltr'>Ego</span> 
     </span>
     <span class='ocr_line' id='line_1_4' title="bbox 123 379 1470 432; baseline -0.002 -13"><span class='ocrx_word' id='word_1_21' title='bbox 123 382 316 432; x_wconf 87' lang='lat' dir='ltr'>quidem‚&#39;’</span> <span class='ocrx_word' id='word_1_22' title='bbox 336 381 470 432; x_wconf 88' lang='lat' dir='ltr'>inquit,</span> <span class='ocrx_word' id='word_1_23' title='bbox 493 382 514 401; x_wconf 87' lang='lat'><strong>“</strong></span> <span class='ocrx_word' id='word_1_24' title='bbox 529 380 721 428; x_wconf 89' lang='lat' dir='ltr'>annulum,</span> <span class='ocrx_word' id='word_1_25' title='bbox 738 393 812 431; x_wconf 94' lang='lat' dir='ltr'>quo</span> <span class='ocrx_word' id='word_1_26' title='bbox 826 379 892 417; x_wconf 92' lang='lat' dir='ltr'>ille</span> <span class='ocrx_word' id='word_1_27' title='bbox 911 379 1021 430; x_wconf 88' lang='lat' dir='ltr'>regni</span> <span class='ocrx_word' id='word_1_28' title='bbox 1040 384 1156 430; x_wconf 85' lang='lat' dir='ltr'>atque</span> <span class='ocrx_word' id='word_1_29' title='bbox 1172 379 1323 430; x_wconf 87' lang='lat' dir='ltr'>imperii</span> <span class='ocrx_word' id='word_1_30' title='bbox 1342 379 1354 396; x_wconf 77' lang='lat'>³</span> <span class='ocrx_word' id='word_1_31' title='bbox 1366 379 1470 417; x_wconf 79' lang='lat' dir='ltr'>vires</span> 
     </span>
     <span class='ocr_line' id='line_1_5' title="bbox 123 443 1467 495; baseline -0.002 -13"><span class='ocrx_word' id='word_1_32' title='bbox 123 445 322 495; x_wconf 85' lang='lat' dir='ltr'>obsignare</span> <span class='ocrx_word' id='word_1_33' title='bbox 353 449 435 481; x_wconf 90' lang='lat' dir='ltr'>erat</span> <span class='ocrx_word' id='word_1_34' title='bbox 466 443 615 491; x_wconf 87' lang='lat' dir='ltr'>solitus,</span> <span class='ocrx_word' id='word_1_35' title='bbox 645 443 831 480; x_wconf 89' lang='lat' dir='ltr'>traditum</span> <span class='ocrx_word' id='word_1_36' title='bbox 862 443 909 481; x_wconf 87' lang='lat' dir='ltr'>ab</span> <span class='ocrx_word' id='word_1_37' title='bbox 940 443 1022 493; x_wconf 90' lang='lat' dir='ltr'>ipso</span> <span class='ocrx_word' id='word_1_38' title='bbox 1055 443 1161 490; x_wconf 90' lang='lat' dir='ltr'>mihi,</span> <span class='ocrx_word' id='word_1_39' title='bbox 1193 443 1312 481; x_wconf 87' lang='lat' dir='ltr'>reddo</span> <span class='ocrx_word' id='word_1_40' title='bbox 1345 443 1467 481; x_wconf 80' lang='lat' dir='ltr'>vobis.</span> 
     </span>
     <span class='ocr_line' id='line_1_6' title="bbox 126 505 1470 558; baseline -0.002 -12"><span class='ocrx_word' id='word_1_41' title='bbox 126 508 317 547; x_wconf 70' lang='lat' dir='ltr'>Caeteriim</span> <span class='ocrx_word' id='word_1_42' title='bbox 337 520 555 558; x_wconf 83' lang='lat' dir='ltr'>quanquam</span> <span class='ocrx_word' id='word_1_43' title='bbox 575 506 682 544; x_wconf 84' lang='lat' dir='ltr'>nulla</span> <span class='ocrx_word' id='word_1_44' title='bbox 701 505 828 544; x_wconf 84' lang='lat' dir='ltr'>clades</span> <span class='ocrx_word' id='word_1_45' title='bbox 856 506 956 554; x_wconf 90' lang='lat' dir='ltr'>huic,</span> <span class='ocrx_word' id='word_1_46' title='bbox 985 507 1062 557; x_wconf 67' lang='lat' dir='ltr'>qua</span> <span class='ocrx_word' id='word_1_47' title='bbox 1090 506 1220 544; x_wconf 83' lang='lat' dir='ltr'>affecti</span> <span class='ocrx_word' id='word_1_48' title='bbox 1239 519 1381 553; x_wconf 87' lang='lat' dir='ltr'>sumus,</span> <span class='ocrx_word' id='word_1_49' title='bbox 1402 511 1470 556; x_wconf 77' lang='lat' dir='ltr'>p&#39;ar</span> 
     </span>
     <span class='ocr_line' id='line_1_7' title="bbox 123 568 1468 620; baseline -0.001 -13"><span class='ocrx_word' id='word_1_50' title='bbox 123 570 170 608; x_wconf 88' lang='lat' dir='ltr'>ab</span> <span class='ocrx_word' id='word_1_51' title='bbox 190 570 299 607; x_wconf 88' lang='lat' dir='ltr'>iratis</span> <span class='ocrx_word' id='word_1_52' title='bbox 320 569 406 607; x_wconf 88' lang='lat' dir='ltr'>Diis</span> <span class='ocrx_word' id='word_1_53' title='bbox 427 569 635 620; x_wconf 79' lang='lat' dir='ltr'>excogitari</span> <span class='ocrx_word' id='word_1_54' title='bbox 654 573 802 619; x_wconf 88' lang='lat' dir='ltr'>potest;</span> <span class='ocrx_word' id='word_1_55' title='bbox 834 573 963 605; x_wconf 89' lang='lat' dir='ltr'>tamen</span> <span class='ocrx_word' id='word_1_56' title='bbox 990 568 1296 619; x_wconf 77' lang='lat' dir='ltr'>magnitudinem</span> <span class='ocrx_word' id='word_1_57' title='bbox 1325 582 1468 616; x_wconf 83' lang='lat' dir='ltr'>rerum,</span> 
     </span>
     <span class='ocr_line' id='line_1_8' title="bbox 123 631 1470 684; baseline -0.001 -14"><span class='ocrx_word' id='word_1_58' title='bbox 123 646 217 684; x_wconf 87' lang='lat' dir='ltr'>quas</span> <span class='ocrx_word' id='word_1_59' title='bbox 237 633 327 683; x_wconf 89' lang='lat' dir='ltr'>egit,</span> <span class='ocrx_word' id='word_1_60' title='bbox 348 632 591 670; x_wconf 87' lang='lat' dir='ltr'>intuentibus</span> <span class='ocrx_word' id='word_1_61' title='bbox 621 631 777 669; x_wconf 88' lang='lat' dir='ltr'>credere</span> <span class='ocrx_word' id='word_1_62' title='bbox 806 631 911 679; x_wconf 89' lang='lat' dir='ltr'>lieet,</span> <span class='ocrx_word' id='word_1_63' title='bbox 931 631 1107 668; x_wconf 58' lang='lat' dir='ltr'>*tantum</span> <span class='ocrx_word' id='word_1_64' title='bbox 1135 631 1261 669; x_wconf 86' lang='lat' dir='ltr'>virum</span> <span class='ocrx_word' id='word_1_65' title='bbox 1282 632 1385 670; x_wconf 85' lang='lat' dir='ltr'>Deos</span> <span class='ocrx_word' id='word_1_66' title='bbox 1414 645 1470 669; x_wconf 86' lang='lat' dir='ltr'>ac-</span> 
     </span>
     <span class='ocr_line' id='line_1_9' title="bbox 124 693 1468 745; baseline -0.001 -12"><span class='ocrx_word' id='word_1_67' title='bbox 124 696 384 734; x_wconf 74' lang='lat' dir='ltr'>commod-asse</span> <span class='ocrx_word' id='word_1_68' title='bbox 403 696 517 734; x_wconf 86' lang='lat' dir='ltr'>rebus</span> <span class='ocrx_word' id='word_1_69' title='bbox 536 694 724 742; x_wconf 86' lang='lat' dir='ltr'>humanis,</span> <span class='ocrx_word' id='word_1_70' title='bbox 746 707 908 745; x_wconf 89' lang='lat' dir='ltr'>quarum</span> <span class='ocrx_word' id='word_1_71' title='bbox 927 698 1031 731; x_wconf 89' lang='lat' dir='ltr'>sorte</span> <span class='ocrx_word' id='word_1_72' title='bbox 1052 693 1255 744; x_wconf 72' lang='lat' dir='ltr'>completa,</span> <span class='ocrx_word' id='word_1_73' title='bbox 1274 695 1352 732; x_wconf 72' lang='lat' dir='ltr'>cite</span> <span class='ocrx_word' id='word_1_74' title='bbox 1365 708 1468 745; x_wconf 87' lang='lat' dir='ltr'>repe·</span> 
     </span>
     <span class='ocr_line' id='line_1_10' title="bbox 125 756 1470 808; baseline 0 -12"><span class='ocrx_word' id='word_1_75' title='bbox 125 764 251 796; x_wconf 86' lang='lat' dir='ltr'>terent</span> <span class='ocrx_word' id='word_1_76' title='bbox 278 772 364 796; x_wconf 90' lang='lat' dir='ltr'>eum</span> <span class='ocrx_word' id='word_1_77' title='bbox 386 771 466 796; x_wconf 81' lang='lat' dir='ltr'>suae</span> <span class='ocrx_word' id='word_1_78' title='bbox 496 757 616 808; x_wconf 90' lang='lat' dir='ltr'>stirpi.</span> <span class='ocrx_word' id='word_1_79' title='bbox 675 756 847 795; x_wconf 77' lang='lat' dir='ltr'>Proinde</span> <span class='ocrx_word' id='word_1_80' title='bbox 877 756 1059 807; x_wconf 85' lang='lat' dir='ltr'>quoniam</span> <span class='ocrx_word' id='word_1_81' title='bbox 1088 756 1188 794; x_wconf 85' lang='lat' dir='ltr'>nihil</span> <span class='ocrx_word' id='word_1_82' title='bbox 1216 757 1323 795; x_wconf 87' lang='lat' dir='ltr'>aliud</span> <span class='ocrx_word' id='word_1_83' title='bbox 1351 770 1398 796; x_wconf 84' lang='lat' dir='ltr'>ex</span> <span class='ocrx_word' id='word_1_84' title='bbox 1426 771 1470 796; x_wconf 90' lang='lat' dir='ltr'>eo</span> 
     </span>
     <span class='ocr_line' id='line_1_11' title="bbox 125 819 1470 873; baseline -0.001 -14"><span class='ocrx_word' id='word_1_85' title='bbox 125 827 310 872; x_wconf 75' lang='lat' dir='ltr'>superest,</span> <span class='ocrx_word' id='word_1_86' title='bbox 328 823 445 873; x_wconf 75' lang='lat' dir='ltr'>quam</span> <span class='ocrx_word' id='word_1_87' title='bbox 465 821 567 872; x_wconf 89' lang='lat' dir='ltr'>quod</span> <span class='ocrx_word' id='word_1_88' title='bbox 589 833 737 871; x_wconf 85' lang='lat' dir='ltr'>semper</span> <span class='ocrx_word' id='word_1_89' title='bbox 752 820 800 858; x_wconf 88' lang='lat' dir='ltr'>ab</span> <span class='ocrx_word' id='word_1_90' title='bbox 819 820 1112 858; x_wconf 75' lang='lat' dir='ltr'>immortalitate</span> <span class='ocrx_word' id='word_1_91' title='bbox 1133 820 1373 868; x_wconf 84' lang='lat' dir='ltr'>subducitur,</span> <span class='ocrx_word' id='word_1_92' title='bbox 1394 819 1470 858; x_wconf 80' lang='lat' dir='ltr'>eor-</span> 
     </span>
     <span class='ocr_line' id='line_1_12' title="bbox 123 883 1473 935; baseline 0.001 -14"><span class='ocrx_word' id='word_1_93' title='bbox 123 885 208 935; x_wconf 84' lang='lat' dir='ltr'>pori</span> <span class='ocrx_word' id='word_1_94' title='bbox 226 885 445 935; x_wconf 82' lang='lat' dir='ltr'>nominique</span> <span class='ocrx_word' id='word_1_95' title='bbox 473 884 758 935; x_wconf 72' lang='lat' dir='ltr'>quamprimum</span> <span class='ocrx_word' id='word_1_96' title='bbox 784 885 892 933; x_wconf 84' lang='lat' dir='ltr'>justa</span> <span class='ocrx_word' id='word_1_97' title='bbox 923 883 1127 933; x_wconf 83' lang='lat' dir='ltr'>solvamus,</span> <span class='ocrx_word' id='word_1_98' title='bbox 1158 883 1262 921; x_wconf 88' lang='lat' dir='ltr'>haud</span> <span class='ocrx_word' id='word_1_99' title='bbox 1292 883 1405 922; x_wconf 89' lang='lat' dir='ltr'>obliti</span> <span class='ocrx_word' id='word_1_100' title='bbox 1431 883 1473 922; x_wconf 86' lang='lat' dir='ltr'>in</span> 
     </span>
     <span class='ocr_line' id='line_1_13' title="bbox 125 946 1470 999; baseline 0 -15"><span class='ocrx_word' id='word_1_101' title='bbox 125 950 202 998; x_wconf 70' lang='lat' dir='ltr'>qua</span> <span class='ocrx_word' id='word_1_102' title='bbox 221 948 328 996; x_wconf 85' lang='lat' dir='ltr'>urbe,</span> <span class='ocrx_word' id='word_1_103' title='bbox 349 948 450 985; x_wconf 85' lang='lat' dir='ltr'>inter</span> <span class='ocrx_word' id='word_1_104' title='bbox 479 960 574 999; x_wconf 84' lang='lat' dir='ltr'>quos</span> <span class='ocrx_word' id='word_1_105' title='bbox 601 947 732 995; x_wconf 69' lang='lat' dir='ltr'>simuS,</span> <span class='ocrx_word' id='word_1_106' title='bbox 764 947 871 998; x_wconf 88' lang='lat' dir='ltr'>quali</span> <span class='ocrx_word' id='word_1_107' title='bbox 902 946 1012 998; x_wconf 84' lang='lat' dir='ltr'>Rege</span> <span class='ocrx_word' id='word_1_108' title='bbox 1043 960 1086 984; x_wconf 90' lang='lat' dir='ltr'>ac</span> <span class='ocrx_word' id='word_1_109' title='bbox 1107 946 1282 985; x_wconf 84' lang='lat' dir='ltr'>Praeside</span> <span class='ocrx_word' id='word_1_110' title='bbox 1303 947 1470 997; x_wconf 89' lang='lat' dir='ltr'>spoliati.</span> 
     </span>
     <span class='ocr_line' id='line_1_14' title="bbox 128 1009 1472 1061; baseline -0.001 -13"><span class='ocrx_word' id='word_1_111' title='bbox 128 1010 389 1048; x_wconf 82' lang='lat' dir='ltr'>Tractandum</span> <span class='ocrx_word' id='word_1_112' title='bbox 409 1015 478 1058; x_wconf 90' lang='lat' dir='ltr'>est,</span> <span class='ocrx_word' id='word_1_113' title='bbox 496 1009 788 1058; x_wconf 77' lang='lat' dir='ltr'>commilitones,</span> <span class='ocrx_word' id='word_1_114' title='bbox 818 1010 1154 1061; x_wconf 82' lang='lat' dir='ltr'>cogitandumque,</span> <span class='ocrx_word' id='word_1_115' title='bbox 1175 1009 1243 1047; x_wconf 76' lang='lat' dir='ltr'>‘’ut</span> <span class='ocrx_word' id='word_1_116' title='bbox 1269 1010 1472 1049; x_wconf 86' lang='lat' dir='ltr'>victoriam</span> 
     </span>
     <span class='ocr_line' id='line_1_15' title="bbox 126 1073 1471 1125; baseline -0.001 -14"><span class='ocrx_word' id='word_1_117' title='bbox 126 1079 275 1124; x_wconf 82' lang='lat' dir='ltr'>partam</span> <span class='ocrx_word' id='word_1_118' title='bbox 295 1074 396 1112; x_wconf 89' lang='lat' dir='ltr'>inter</span> <span class='ocrx_word' id='word_1_119' title='bbox 415 1074 496 1123; x_wconf 88' lang='lat' dir='ltr'>hos,</span> <span class='ocrx_word' id='word_1_120' title='bbox 514 1074 560 1112; x_wconf 88' lang='lat' dir='ltr'>de</span> <span class='ocrx_word' id='word_1_121' title='bbox 575 1074 713 1125; x_wconf 91' lang='lat' dir='ltr'>quibus</span> <span class='ocrx_word' id='word_1_122' title='bbox 732 1077 843 1124; x_wconf 87' lang='lat' dir='ltr'>parta</span> <span class='ocrx_word' id='word_1_123' title='bbox 859 1078 928 1121; x_wconf 87' lang='lat' dir='ltr'>est,</span> <span class='ocrx_word' id='word_1_124' title='bbox 951 1073 1123 1111; x_wconf 88' lang='lat' dir='ltr'>obtinere</span> <span class='ocrx_word' id='word_1_125' title='bbox 1142 1074 1343 1124; x_wconf 78' lang='lat' dir='ltr'>possimus,</span> <span class='ocrx_word' id='word_1_126' title='bbox 1403 1073 1471 1112; x_wconf 83' lang='lat' dir='ltr'>Ca-</span> 
     </span>
     <span class='ocr_line' id='line_1_16' title="bbox 127 1136 1470 1187; baseline 0.001 -14"><span class='ocrx_word' id='word_1_127' title='bbox 127 1137 207 1187; x_wconf 84' lang='lat' dir='ltr'>pite</span> <span class='ocrx_word' id='word_1_128' title='bbox 241 1149 336 1187; x_wconf 88' lang='lat' dir='ltr'>opus</span> <span class='ocrx_word' id='word_1_129' title='bbox 365 1142 433 1175; x_wconf 89' lang='lat' dir='ltr'>est.</span> <span class='ocrx_word' id='word_1_130' title='bbox 493 1137 644 1175; x_wconf 90' lang='lat' dir='ltr'>Hocine</span> <span class='ocrx_word' id='word_1_131' title='bbox 663 1149 751 1184; x_wconf 90' lang='lat' dir='ltr'>uno,</span> <span class='ocrx_word' id='word_1_132' title='bbox 781 1149 828 1173; x_wconf 88' lang='lat' dir='ltr'>an</span> <span class='ocrx_word' id='word_1_133' title='bbox 856 1136 1044 1187; x_wconf 89' lang='lat' dir='ltr'>pluribus,</span> <span class='ocrx_word' id='word_1_134' title='bbox 1073 1136 1113 1173; x_wconf 90' lang='lat' dir='ltr'>in</span> <span class='ocrx_word' id='word_1_135' title='bbox 1131 1137 1261 1174; x_wconf 63' lang='lat' dir='ltr'>vestra</span> <span class='ocrx_word' id='word_1_136' title='bbox 1280 1140 1470 1186; x_wconf 82' lang='lat' dir='ltr'>potestate</span> 
     </span>
     <span class='ocr_line' id='line_1_17' title="bbox 127 1199 1472 1250; baseline 0 -14"><span class='ocrx_word' id='word_1_137' title='bbox 127 1205 195 1237; x_wconf 88' lang='lat' dir='ltr'>est.</span> <span class='ocrx_word' id='word_1_138' title='bbox 253 1201 264 1218; x_wconf 79' lang='lat'><strong>⁶</strong></span> <span class='ocrx_word' id='word_1_139' title='bbox 280 1200 388 1238; x_wconf 88' lang='lat' dir='ltr'>Illud</span> <span class='ocrx_word' id='word_1_140' title='bbox 409 1200 504 1238; x_wconf 88' lang='lat' dir='ltr'>scire</span> <span class='ocrx_word' id='word_1_141' title='bbox 526 1200 685 1248; x_wconf 89' lang='lat' dir='ltr'>debetis,</span> <span class='ocrx_word' id='word_1_142' title='bbox 709 1199 916 1237; x_wconf 86' lang='lat' dir='ltr'>militarem</span> <span class='ocrx_word' id='word_1_143' title='bbox 937 1200 1018 1237; x_wconf 90' lang='lat' dir='ltr'>sine</span> <span class='ocrx_word' id='word_1_144' title='bbox 1039 1199 1134 1237; x_wconf 85' lang='lat' dir='ltr'>duce</span> <span class='ocrx_word' id='word_1_145' title='bbox 1161 1199 1314 1238; x_wconf 87' lang='lat' dir='ltr'>turbam</span> <span class='ocrx_word' id='word_1_146' title='bbox 1334 1212 1472 1250; x_wconf 92' lang='lat' dir='ltr'>corpus</span> 
     </span>
     <span class='ocr_line' id='line_1_18' title="bbox 129 1262 1471 1314; baseline 0 -14"><span class='ocrx_word' id='word_1_147' title='bbox 129 1277 208 1301; x_wconf 88' lang='lat' dir='ltr'>esse</span> <span class='ocrx_word' id='word_1_148' title='bbox 236 1263 317 1301; x_wconf 87' lang='lat' dir='ltr'>sine</span> <span class='ocrx_word' id='word_1_149' title='bbox 338 1264 485 1314; x_wconf 87' lang='lat' dir='ltr'>spiritu.</span> <span class='ocrx_word' id='word_1_150' title='bbox 545 1263 686 1302; x_wconf 80' lang='lat' dir='ltr'>Sextus</span> <span class='ocrx_word' id='word_1_151' title='bbox 715 1263 856 1300; x_wconf 82' lang='lat' dir='ltr'>mensis</span> <span class='ocrx_word' id='word_1_152' title='bbox 877 1267 947 1311; x_wconf 90' lang='lat' dir='ltr'>est,</span> <span class='ocrx_word' id='word_1_153' title='bbox 975 1276 1022 1300; x_wconf 84' lang='lat' dir='ltr'>ex</span> <span class='ocrx_word' id='word_1_154' title='bbox 1052 1276 1126 1314; x_wconf 90' lang='lat' dir='ltr'>quo</span> <span class='ocrx_word' id='word_1_155' title='bbox 1161 1262 1322 1300; x_wconf 81' lang='lat' dir='ltr'>Roxane</span> <span class='ocrx_word' id='word_1_156' title='bbox 1352 1276 1471 1313; x_wconf 85' lang='lat' dir='ltr'>praeg·</span> 
     </span>
     <span class='ocr_line' id='line_1_19' title="bbox 127 1325 1472 1376; baseline -0.001 -12"><span class='ocrx_word' id='word_1_157' title='bbox 127 1339 221 1364; x_wconf 88' lang='lat' dir='ltr'>nans</span> <span class='ocrx_word' id='word_1_158' title='bbox 253 1331 321 1364; x_wconf 86' lang='lat' dir='ltr'>est.</span> <span class='ocrx_word' id='word_1_159' title='bbox 383 1326 585 1376; x_wconf 84' lang='lat' dir='ltr'>Optamus,</span> <span class='ocrx_word' id='word_1_160' title='bbox 604 1331 649 1363; x_wconf 91' lang='lat' dir='ltr'>ut</span> <span class='ocrx_word' id='word_1_161' title='bbox 678 1339 821 1363; x_wconf 85' lang='lat' dir='ltr'>marem</span> <span class='ocrx_word' id='word_1_162' title='bbox 851 1326 1039 1363; x_wconf 84' lang='lat' dir='ltr'>enitatur:</span> <span class='ocrx_word' id='word_1_163' title='bbox 1081 1328 1164 1376; x_wconf 87' lang='lat' dir='ltr'>ejus</span> <span class='ocrx_word' id='word_1_164' title='bbox 1195 1339 1355 1376; x_wconf 85' lang='lat' dir='ltr'>regnum</span> <span class='ocrx_word' id='word_1_165' title='bbox 1386 1325 1472 1363; x_wconf 88' lang='lat' dir='ltr'>Diis</span> 
     </span>
     <span class='ocr_line' id='line_1_20' title="bbox 128 1389 1472 1441; baseline -0.001 -14"><span class='ocrx_word' id='word_1_166' title='bbox 128 1390 428 1440; x_wconf 87' lang='lat' dir='ltr'>approbantibus</span> <span class='ocrx_word' id='word_1_167' title='bbox 448 1390 635 1438; x_wconf 87' lang='lat' dir='ltr'>futurum,</span> <span class='ocrx_word' id='word_1_168' title='bbox 656 1389 806 1441; x_wconf 85' lang='lat' dir='ltr'>quando</span> <span class='ocrx_word' id='word_1_169' title='bbox 827 1389 1048 1427; x_wconf 80' lang='lat' dir='ltr'>adoleverit.</span> <span class='ocrx_word' id='word_1_170' title='bbox 1107 1389 1272 1427; x_wconf 81' lang='lat' dir='ltr'>Interim</span> <span class='ocrx_word' id='word_1_171' title='bbox 1292 1402 1314 1427; x_wconf 90' lang='lat' dir='ltr'>a</span> <span class='ocrx_word' id='word_1_172' title='bbox 1332 1389 1472 1440; x_wconf 88' lang='lat' dir='ltr'>quibus</span> 
     </span>
     <span class='ocr_line' id='line_1_21' title="bbox 128 1452 1008 1504; baseline -0.001 -14"><span class='ocrx_word' id='word_1_173' title='bbox 128 1454 208 1504; x_wconf 80' lang='lat' dir='ltr'>regi</span> <span class='ocrx_word' id='word_1_174' title='bbox 223 1453 365 1501; x_wconf 82' lang='lat' dir='ltr'>velitis,</span> <span class='ocrx_word' id='word_1_175' title='bbox 389 1453 618 1490; x_wconf 82' lang='lat' dir='ltr'>destinate.’&#39;</span> <span class='ocrx_word' id='word_1_176' title='bbox 675 1452 772 1490; x_wconf 80' lang='lat' dir='ltr'>Haec</span> <span class='ocrx_word' id='word_1_177' title='bbox 793 1452 1008 1490; x_wconf 85' lang='lat' dir='ltr'>Perdiccas.</span> 
     </span>
    </p>

    <p class='ocr_par' dir='ltr' id='par_1_3' title="bbox 125 1515 1475 2517">
     <span class='ocr_line' id='line_1_22' title="bbox 213 1515 1473 1566; baseline -0.001 -12"><span class='ocrx_word' id='word_1_178' title='bbox 213 1519 267 1554; x_wconf 82' lang='lat'>17.</span> <span class='ocrx_word' id='word_1_179' title='bbox 300 1517 400 1554; x_wconf 85' lang='lat' dir='ltr'>Tum</span> <span class='ocrx_word' id='word_1_180' title='bbox 421 1516 629 1565; x_wconf 82' lang='lat' dir='ltr'>Nearchus,</span> <span class='ocrx_word' id='word_1_181' title='bbox 643 1515 859 1553; x_wconf 81' lang='lat' dir='ltr'>Alexandri</span> <span class='ocrx_word' id='word_1_182' title='bbox 878 1516 989 1553; x_wconf 76' lang='lat' dir='ltr'>modo</span> <span class='ocrx_word' id='word_1_183' title='bbox 1011 1515 1232 1566; x_wconf 85' lang='lat' dir='ltr'>sanguinem</span> <span class='ocrx_word' id='word_1_184' title='bbox 1252 1528 1295 1553; x_wconf 87' lang='lat' dir='ltr'>ac</span> <span class='ocrx_word' id='word_1_185' title='bbox 1312 1516 1473 1566; x_wconf 87' lang='lat' dir='ltr'>stirpem</span> 
     </span>
     <span class='ocr_line' id='line_1_23' title="bbox 128 1579 1473 1630; baseline 0 -13"><span class='ocrx_word' id='word_1_186' title='bbox 128 1580 242 1630; x_wconf 58' lang='lat' dir='ltr'>regiae</span> <span class='ocrx_word' id='word_1_187' title='bbox 270 1579 465 1630; x_wconf 86' lang='lat' dir='ltr'>majestati</span> <span class='ocrx_word' id='word_1_188' title='bbox 485 1579 698 1627; x_wconf 79' lang='lat' dir='ltr'>convenire,</span> <span class='ocrx_word' id='word_1_189' title='bbox 719 1579 910 1617; x_wconf 89' lang='lat' dir='ltr'>neminem</span> <span class='ocrx_word' id='word_1_190' title='bbox 939 1579 995 1616; x_wconf 93' lang='lat' dir='ltr'>ait</span> <span class='ocrx_word' id='word_1_191' title='bbox 1014 1592 1126 1629; x_wconf 91' lang='lat' dir='ltr'>posse</span> <span class='ocrx_word' id='word_1_192' title='bbox 1158 1579 1311 1617; x_wconf 88' lang='lat' dir='ltr'>mirari:</span> <span class='ocrx_word' id='word_1_193' title='bbox 1340 1579 1473 1617; x_wconf 79' lang='lat' dir='ltr'>&#39;caete-</span> 
     </span>
     <span class='ocr_line' id='line_1_24' title="bbox 128 1642 1473 1694; baseline 0.001 -15"><span class='ocrx_word' id='word_1_194' title='bbox 128 1645 214 1680; x_wconf 77' lang='lat' dir='ltr'>rum</span> <span class='ocrx_word' id='word_1_195' title='bbox 235 1643 429 1694; x_wconf 82' lang='lat' dir='ltr'>expectari</span> <span class='ocrx_word' id='word_1_196' title='bbox 444 1643 614 1681; x_wconf 90' lang='lat' dir='ltr'>nondum</span> <span class='ocrx_word' id='word_1_197' title='bbox 633 1647 760 1680; x_wconf 89' lang='lat' dir='ltr'>ortum</span> <span class='ocrx_word' id='word_1_198' title='bbox 781 1643 941 1694; x_wconf 88' lang='lat' dir='ltr'>Regem,</span> <span class='ocrx_word' id='word_1_199' title='bbox 957 1647 996 1680; x_wconf 89' lang='lat' dir='ltr'>et</span> <span class='ocrx_word' id='word_1_200' title='bbox 1011 1642 1076 1694; x_wconf 84' lang='lat' dir='ltr'>qui</span> <span class='ocrx_word' id='word_1_201' title='bbox 1091 1644 1173 1693; x_wconf 91' lang='lat' dir='ltr'>jam</span> <span class='ocrx_word' id='word_1_202' title='bbox 1186 1643 1249 1690; x_wconf 89' lang='lat' dir='ltr'>sit,</span> <span class='ocrx_word' id='word_1_203' title='bbox 1269 1642 1473 1693; x_wconf 84' lang='lat' dir='ltr'>praeteriri‚</span> 
     </span>
     <span class='ocr_line' id='line_1_25' title="bbox 127 1706 1474 1756; baseline -0.001 -12"><span class='ocrx_word' id='word_1_204' title='bbox 127 1720 195 1744; x_wconf 86' lang='lat' dir='ltr'>nee</span> <span class='ocrx_word' id='word_1_205' title='bbox 215 1707 351 1744; x_wconf 86' lang='lat' dir='ltr'>animis</span> <span class='ocrx_word' id='word_1_206' title='bbox 372 1706 629 1744; x_wconf 85' lang='lat' dir='ltr'>Macedonum</span> <span class='ocrx_word' id='word_1_207' title='bbox 649 1706 861 1754; x_wconf 84' lang='lat' dir='ltr'>convenire,</span> <span class='ocrx_word' id='word_1_208' title='bbox 882 1719 952 1743; x_wconf 89' lang='lat' dir='ltr'>nec</span> <span class='ocrx_word' id='word_1_209' title='bbox 972 1706 1138 1756; x_wconf 87' lang='lat' dir='ltr'>tempori</span> <span class='ocrx_word' id='word_1_210' title='bbox 1165 1719 1293 1744; x_wconf 88' lang='lat' dir='ltr'>rerum</span> <span class='ocrx_word' id='word_1_211' title='bbox 1311 1718 1319 1743; x_wconf 90' lang='lat'>:</span> <span class='ocrx_word' id='word_1_212' title='bbox 1350 1718 1432 1744; x_wconf 86' lang='lat' dir='ltr'>esse</span> <span class='ocrx_word' id='word_1_213' title='bbox 1453 1719 1474 1743; x_wconf 90' lang='lat' dir='ltr'>e</span> 
     </span>
     <span class='ocr_line' id='line_1_26' title="bbox 129 1768 1475 1820; baseline 0 -14"><span class='ocrx_word' id='word_1_214' title='bbox 129 1770 290 1807; x_wconf 82' lang='lat' dir='ltr'>Barsine</span> <span class='ocrx_word' id='word_1_215' title='bbox 309 1769 431 1807; x_wconf 90' lang='lat' dir='ltr'>filium</span> <span class='ocrx_word' id='word_1_216' title='bbox 452 1769 586 1820; x_wconf 90' lang='lat' dir='ltr'>Regis,</span> <span class='ocrx_word' id='word_1_217' title='bbox 608 1769 697 1806; x_wconf 90' lang='lat' dir='ltr'>huic</span> <span class='ocrx_word' id='word_1_218' title='bbox 725 1768 902 1806; x_wconf 87' lang='lat' dir='ltr'>diadema</span> <span class='ocrx_word' id='word_1_219' title='bbox 922 1768 1099 1806; x_wconf 89' lang='lat' dir='ltr'>dandum.</span> <span class='ocrx_word' id='word_1_220' title='bbox 1158 1768 1271 1806; x_wconf 90' lang='lat' dir='ltr'>Nulli</span> <span class='ocrx_word' id='word_1_221' title='bbox 1298 1768 1475 1819; x_wconf 87' lang='lat' dir='ltr'>placebat</span> 
     </span>
     <span class='ocr_line' id='line_1_27' title="bbox 128 1832 1473 1884; baseline -0.001 -15"><span class='ocrx_word' id='word_1_222' title='bbox 128 1833 261 1870; x_wconf 90' lang='lat' dir='ltr'>oratio.</span> <span class='ocrx_word' id='word_1_223' title='bbox 321 1832 459 1884; x_wconf 84' lang='lat' dir='ltr'>Itaque</span> <span class='ocrx_word' id='word_1_224' title='bbox 489 1845 557 1871; x_wconf 90' lang='lat' dir='ltr'>suo</span> <span class='ocrx_word' id='word_1_225' title='bbox 587 1845 691 1870; x_wconf 91' lang='lat' dir='ltr'>more</span> <span class='ocrx_word' id='word_1_226' title='bbox 711 1832 832 1869; x_wconf 89' lang='lat' dir='ltr'>hastis</span> <span class='ocrx_word' id='word_1_227' title='bbox 864 1837 973 1870; x_wconf 89' lang='lat' dir='ltr'>scuta</span> <span class='ocrx_word' id='word_1_228' title='bbox 1005 1832 1230 1882; x_wconf 87' lang='lat' dir='ltr'>quatientes,</span> <span class='ocrx_word' id='word_1_229' title='bbox 1252 1832 1473 1881; x_wconf 85' lang='lat' dir='ltr'>obstrepere</span> 
     </span>
     <span class='ocr_line' id='line_1_28' title="bbox 127 1895 1472 1947; baseline -0.001 -14"><span class='ocrx_word' id='word_1_230' title='bbox 127 1897 434 1946; x_wconf 85' lang='lat' dir='ltr'>perseverabant.</span> <span class='ocrx_word' id='word_1_231' title='bbox 503 1896 672 1947; x_wconf 82' lang='lat' dir='ltr'>Jamque</span> <span class='ocrx_word' id='word_1_232' title='bbox 709 1897 829 1946; x_wconf 77' lang='lat' dir='ltr'>prope</span> <span class='ocrx_word' id='word_1_233' title='bbox 861 1895 908 1932; x_wconf 90' lang='lat' dir='ltr'>ad</span> <span class='ocrx_word' id='word_1_234' title='bbox 947 1895 1173 1932; x_wconf 88' lang='lat' dir='ltr'>seditionem</span> <span class='ocrx_word' id='word_1_235' title='bbox 1209 1899 1472 1945; x_wconf 82' lang='lat' dir='ltr'>pervenerant,</span> 
     </span>
     <span class='ocr_line' id='line_1_29' title="bbox 130 1957 1472 2010; baseline -0.001 -13"><span class='ocrx_word' id='word_1_236' title='bbox 130 1960 306 1998; x_wconf 86' lang='lat' dir='ltr'>Nearcho</span> <span class='ocrx_word' id='word_1_237' title='bbox 348 1959 586 2010; x_wconf 66' lang='lat' dir='ltr'>pervicacius</span> <span class='ocrx_word' id='word_1_238' title='bbox 618 1963 752 1996; x_wconf 88' lang='lat' dir='ltr'>tuente</span> <span class='ocrx_word' id='word_1_239' title='bbox 782 1958 1019 1996; x_wconf 83' lang='lat' dir='ltr'>sententiam.</span> <span class='ocrx_word' id='word_1_240' title='bbox 1090 1958 1190 1995; x_wconf 87' lang='lat' dir='ltr'>Tum</span> <span class='ocrx_word' id='word_1_241' title='bbox 1222 1957 1472 2005; x_wconf 82' lang='lat' dir='ltr'>Ptolemaeus,</span> 
     </span>
     <span class='ocr_line' id='line_1_30' title="bbox 129 2021 1474 2074; baseline -0.001 -13"><span class='ocrx_word' id='word_1_242' title='bbox 129 2027 148 2044; x_wconf 69' lang='lat'>‘⁸&#39;</span> <span class='ocrx_word' id='word_1_243' title='bbox 163 2024 174 2040; x_wconf 81' lang='lat'>¹³</span> <span class='ocrx_word' id='word_1_244' title='bbox 191 2024 318 2074; x_wconf 85' lang='lat' dir='ltr'>Digna</span> <span class='ocrx_word' id='word_1_245' title='bbox 337 2025 496 2074; x_wconf 79' lang='lat' dir='ltr'>prorsus</span> <span class='ocrx_word' id='word_1_246' title='bbox 516 2027 576 2061; x_wconf 87' lang='lat' dir='ltr'>est</span> <span class='ocrx_word' id='word_1_247' title='bbox 607 2021 795 2070; x_wconf 80' lang='lat' dir='ltr'>soboles,”</span> <span class='ocrx_word' id='word_1_248' title='bbox 816 2021 952 2072; x_wconf 85' lang='lat' dir='ltr'>inquit,</span> <span class='ocrx_word' id='word_1_249' title='bbox 974 2024 994 2041; x_wconf 77' lang='lat'>‘⁴</span> <span class='ocrx_word' id='word_1_250' title='bbox 1009 2034 1094 2072; x_wconf 74' lang='lat' dir='ltr'>qum</span> <span class='ocrx_word' id='word_1_251' title='bbox 1125 2021 1380 2059; x_wconf 84' lang='lat' dir='ltr'>Macedonum</span> <span class='ocrx_word' id='word_1_252' title='bbox 1408 2022 1474 2059; x_wconf 87' lang='lat' dir='ltr'>im-</span> 
     </span>
     <span class='ocr_line' id='line_1_31' title="bbox 127 2084 1473 2137; baseline -0.001 -13"><span class='ocrx_word' id='word_1_253' title='bbox 127 2092 233 2137; x_wconf 82' lang='lat' dir='ltr'>peret</span> <span class='ocrx_word' id='word_1_254' title='bbox 248 2087 366 2137; x_wconf 79' lang='lat' dir='ltr'>genti,</span> <span class='ocrx_word' id='word_1_255' title='bbox 387 2087 568 2124; x_wconf 82' lang='lat' dir='ltr'>Roxanes</span> <span class='ocrx_word' id='word_1_256' title='bbox 588 2085 651 2124; x_wconf 90' lang='lat' dir='ltr'>vel</span> <span class='ocrx_word' id='word_1_257' title='bbox 680 2085 861 2123; x_wconf 88' lang='lat' dir='ltr'>Barsines</span> <span class='ocrx_word' id='word_1_258' title='bbox 882 2084 982 2122; x_wconf 84' lang='lat' dir='ltr'>filius</span> <span class='ocrx_word' id='word_1_259' title='bbox 1001 2084 1008 2122; x_wconf 82' lang='lat'>!</span> <span class='ocrx_word' id='word_1_260' title='bbox 1039 2086 1148 2134; x_wconf 91' lang='lat' dir='ltr'>cujus</span> <span class='ocrx_word' id='word_1_261' title='bbox 1164 2098 1303 2123; x_wconf 88' lang='lat' dir='ltr'>nomen</span> <span class='ocrx_word' id='word_1_262' title='bbox 1323 2085 1473 2136; x_wconf 68' lang='lat' dir='ltr'>queque</span> 
     </span>
     <span class='ocr_line' id='line_1_32' title="bbox 129 2148 1473 2200; baseline -0.001 -13"><span class='ocrx_word' id='word_1_263' title='bbox 129 2150 323 2200; x_wconf 85' lang='lat' dir='ltr'>Europam</span> <span class='ocrx_word' id='word_1_264' title='bbox 344 2151 469 2187; x_wconf 87' lang='lat' dir='ltr'>dicere</span> <span class='ocrx_word' id='word_1_265' title='bbox 490 2149 649 2200; x_wconf 84' lang='lat' dir='ltr'>pigebit,</span> <span class='ocrx_word' id='word_1_266' title='bbox 670 2150 813 2198; x_wconf 88' lang='lat' dir='ltr'>majore</span> <span class='ocrx_word' id='word_1_267' title='bbox 835 2162 882 2186; x_wconf 80' lang='lat' dir='ltr'>ex</span> <span class='ocrx_word' id='word_1_268' title='bbox 911 2154 1018 2199; x_wconf 86' lang='lat' dir='ltr'>parte</span> <span class='ocrx_word' id='word_1_269' title='bbox 1039 2149 1215 2199; x_wconf 78' lang='lat' dir='ltr'>⁹captivi.</span> <span class='ocrx_word' id='word_1_270' title='bbox 1275 2148 1354 2187; x_wconf 89' lang='lat' dir='ltr'>Cur</span> <span class='ocrx_word' id='word_1_271' title='bbox 1382 2149 1473 2186; x_wconf 87' lang='lat' dir='ltr'>Per-</span> 
     </span>
     <span class='ocr_line' id='line_1_33' title="bbox 127 2211 1473 2263; baseline -0.001 -12"><span class='ocrx_word' id='word_1_272' title='bbox 127 2227 188 2251; x_wconf 84' lang='lat' dir='ltr'>sas</span> <span class='ocrx_word' id='word_1_273' title='bbox 220 2213 436 2260; x_wconf 74' lang='lat' dir='ltr'>vicerimus,</span> <span class='ocrx_word' id='word_1_274' title='bbox 465 2219 509 2250; x_wconf 88' lang='lat' dir='ltr'>ut</span> <span class='ocrx_word' id='word_1_275' title='bbox 547 2213 659 2263; x_wconf 83' lang='lat' dir='ltr'>stirpi</span> <span class='ocrx_word' id='word_1_276' title='bbox 696 2225 827 2250; x_wconf 86' lang='lat' dir='ltr'>eorum</span> <span class='ocrx_word' id='word_1_277' title='bbox 866 2212 1106 2250; x_wconf 80' lang='lat' dir='ltr'>serviamus?</span> <span class='ocrx_word' id='word_1_278' title='bbox 1148 2211 1252 2263; x_wconf 89' lang='lat' dir='ltr'>quod</span> <span class='ocrx_word' id='word_1_279' title='bbox 1285 2213 1384 2263; x_wconf 85' lang='lat' dir='ltr'>justi</span> <span class='ocrx_word' id='word_1_280' title='bbox 1414 2212 1473 2250; x_wconf 91' lang='lat' dir='ltr'>illi</span> 
     </span>
     <span class='ocr_line' id='line_1_34' title="bbox 146 2275 1472 2327; baseline 0 -13"><span class='ocrx_word' id='word_1_281' title='bbox 146 2277 255 2327; x_wconf 68' lang='lat' dir='ltr'>leges</span> <span class='ocrx_word' id='word_1_282' title='bbox 301 2276 443 2313; x_wconf 84' lang='lat' dir='ltr'>Darius</span> <span class='ocrx_word' id='word_1_283' title='bbox 477 2281 515 2313; x_wconf 90' lang='lat' dir='ltr'>et</span> <span class='ocrx_word' id='word_1_284' title='bbox 553 2275 705 2313; x_wconf 79' lang='lat' dir='ltr'>Xerxes</span> <span class='ocrx_word' id='word_1_285' title='bbox 739 2280 797 2313; x_wconf 82' lang='lat' dir='ltr'>tot</span> <span class='ocrx_word' id='word_1_286' title='bbox 828 2276 991 2313; x_wconf 85' lang='lat' dir='ltr'>millium</span> <span class='ocrx_word' id='word_1_287' title='bbox 1030 2275 1247 2326; x_wconf 83' lang='lat' dir='ltr'>agminibus</span> <span class='ocrx_word' id='word_1_288' title='bbox 1279 2276 1472 2326; x_wconf 84' lang='lat' dir='ltr'>tantisque</span> 
     </span>
     <span class='ocr_line' id='line_1_35' title="bbox 126 2339 1471 2390; baseline -0.001 -13"><span class='ocrx_word' id='word_1_289' title='bbox 126 2340 312 2377; x_wconf 82' lang='lat' dir='ltr'>elassibus</span> <span class='ocrx_word' id='word_1_290' title='bbox 345 2339 595 2390; x_wconf 67' lang='lat' dir='ltr'>noc-luiequam</span> <span class='ocrx_word' id='word_1_291' title='bbox 633 2339 861 2389; x_wconf 80' lang='lat' dir='ltr'>petiverunt.</span> <span class='ocrx_word' id='word_1_292' title='bbox 939 2340 1030 2377; x_wconf 86' lang='lat' dir='ltr'>Mea</span> <span class='ocrx_word' id='word_1_293' title='bbox 1063 2340 1254 2377; x_wconf 86' lang='lat' dir='ltr'>sententia</span> <span class='ocrx_word' id='word_1_294' title='bbox 1289 2339 1370 2378; x_wconf 81' lang='lat' dir='ltr'>haec</span> <span class='ocrx_word' id='word_1_295' title='bbox 1401 2344 1471 2386; x_wconf 88' lang='lat' dir='ltr'>cst,</span> 
     </span>
     <span class='ocr_line' id='line_1_36' title="bbox 125 2401 1470 2454; baseline -0.001 -14"><span class='ocrx_word' id='word_1_296' title='bbox 125 2409 170 2440; x_wconf 86' lang='lat' dir='ltr'>ut</span> <span class='ocrx_word' id='word_1_297' title='bbox 198 2403 286 2441; x_wconf 85' lang='lat' dir='ltr'>sede</span> <span class='ocrx_word' id='word_1_298' title='bbox 308 2402 523 2440; x_wconf 77' lang='lat' dir='ltr'>Alexandri</span> <span class='ocrx_word' id='word_1_299' title='bbox 556 2403 592 2439; x_wconf 85' lang='lat' dir='ltr'>in</span> <span class='ocrx_word' id='word_1_300' title='bbox 627 2402 733 2453; x_wconf 65' lang='lat' dir='ltr'>rogia</span> <span class='ocrx_word' id='word_1_301' title='bbox 766 2403 904 2452; x_wconf 64' lang='lat' dir='ltr'>posita,</span> <span class='ocrx_word' id='word_1_302' title='bbox 926 2403 992 2454; x_wconf 83' lang='lat' dir='ltr'>qui</span> <span class='ocrx_word' id='word_1_303' title='bbox 1021 2403 1189 2441; x_wconf 86' lang='lat' dir='ltr'>consiliis</span> <span class='ocrx_word' id='word_1_304' title='bbox 1217 2404 1301 2453; x_wconf 78' lang='lat' dir='ltr'>ejus</span> <span class='ocrx_word' id='word_1_305' title='bbox 1321 2401 1470 2440; x_wconf 86' lang='lat' dir='ltr'>adhibe-</span> 
     </span>
     <span class='ocr_line' id='line_1_37' title="bbox 127 2464 1469 2517; baseline -0.001 -14"><span class='ocrx_word' id='word_1_306' title='bbox 127 2467 274 2515; x_wconf 85' lang='lat' dir='ltr'>bantur,</span> <span class='ocrx_word' id='word_1_307' title='bbox 308 2471 456 2513; x_wconf 73' lang='lat' dir='ltr'>coeant,</span> <span class='ocrx_word' id='word_1_308' title='bbox 495 2465 644 2517; x_wconf 78' lang='lat' dir='ltr'>quotics</span> <span class='ocrx_word' id='word_1_309' title='bbox 681 2466 716 2503; x_wconf 86' lang='lat' dir='ltr'>iu</span> <span class='ocrx_word' id='word_1_310' title='bbox 757 2479 953 2504; x_wconf 83' lang='lat' dir='ltr'>commuue</span> <span class='ocrx_word' id='word_1_311' title='bbox 987 2466 1160 2504; x_wconf 82' lang='lat' dir='ltr'>consulto</span> <span class='ocrx_word' id='word_1_312' title='bbox 1198 2479 1292 2516; x_wconf 83' lang='lat' dir='ltr'>opus</span> <span class='ocrx_word' id='word_1_313' title='bbox 1327 2464 1469 2503; x_wconf 83' lang='lat' dir='ltr'>fuerit·</span> 
     </span>
    </p>
   </div>
  </div>
 </body>
</html>
