1583 2680
445 170 604 196 Lmen
647 169 913 196 V111.CA1‘.
953 169 983 194 1.
1327 159 1397 195 179

58 263 170 301 modo
208 274 297 314 ergo
336 263 471 301 Asiam
509 263 623 301 etiam
657 276 755 301 -cum
794 262 881 300 istis
914 261 1131 312 junioribus
1168 260 1400 311 subjecisti?

58 325 204 364 Verum
250 331 309 363 est
348 327 408 375 (ut
446 327 595 377 opinor)
634 326 736 378 quod
781 325 1012 364 avunculum
1057 329 1165 362 tuum
1202 324 1241 361 in
1279 324 1397 362 Italia

57 389 200 426 dixisse
237 394 411 441 constat:
441 390 568 440 ipsum
606 390 645 427 in
682 389 783 427 viros
819 388 1009 436 incidisse,
1043 393 1082 426 te
1116 388 1155 425 in
1184 387 1398 426 foeminas.”

57 452 167 489 Nihil
185 465 233 490 ex
265 452 442 491 omnibus
472 453 686 490 inconsulte
722 465 765 490 ac
797 453 942 490 temere
976 451 1070 489 actis
1100 450 1247 501 Regem
1278 450 1398 501 magis

54 520 236 563 moverat,
257 516 376 566 quam
397 515 663 553 Parmenionis
684 529 770 553 cum
799 515 941 553 honore
971 514 1114 552 mentio
1135 514 1263 562 illata3
1296 513 1397 551 dolo-

55 591 134 616 rem
154 583 283 616 tamen
316 579 404 617 Rex
424 579 578 629 pressit,
601 584 804 616 contentus
833 578 995 628 jussisse
1022 582 1068 615 ut
1096 577 1272 615 convivio
1293 589 1397 614 exce-

54 641 183 679 deret:
212 655 281 679 nec
314 642 522 693 quidquam
553 641 660 679 aliud
691 641 846 692 adjecit,
878 642 1005 692 quidm,
1037 641 1201 679 forsitan
1232 653 1319 678 eum
1349 640 1398 689 (si

52 704 202 742 diutius
235 705 385 743 loeutus
415 706 530 756 foret)
565 705 590 723 ³²
604 705 924 756 exprobraturum
954 704 1029 744 sibi
1064 704 1185 742 fuisse
1222 704 1343 742 vitam
1377 717 1399 740 a

51 768 254 818 semetipso
275 768 423 806 datam:
453 769 523 807 hoc
544 769 643 807 enim
677 768 840 819 superbe
861 781 960 819 saepe
985 769 1165 818 jactasse.
1223 767 1250 785 ⁵³
1265 768 1398 818 Atque

51 831 160 868 illum
180 836 421 869 cunctantem
442 832 565 870 adhuc
585 845 752 883 surgere,
772 832 838 883 qui
857 831 1023 882 proximi
1041 831 1077 869 ei
1104 831 1325 878 cubuerant,
1346 831 1399 867 in-

57 895 174 943 jectis
193 895 381 943 manibus,
406 896 605 945 jurgantes
633 900 906 946 monentesque
935 894 1172 932 conabantur
1199 894 1397 933 abducere.

53 957 179 996 Clitus
199 959 288 995 cum
321 958 621 1006 abstraheretur,
642 958 690 995 ad
720 958 922 1008 pristinam
950 957 975 975 ⁸⁴
989 957 1212 995 violentiam
1231 957 1291 995 irai
1309 970 1399 1008 quo·

49 1034 122 1072 que
142 1021 306 1071 adjecta,
326 1023 348 1042 “
363 1021 387 1038 ³³
402 1021 480 1060 Suo
499 1027 652 1071 pectore
666 1026 816 1072 tergum
828 1021 934 1058 illius
947 1033 1029 1058 esse
1043 1021 1242 1058 defensum
1259 1033 1268 1070 3
1298 1033 1400 1058 nunc

48 1084 255 1135 postquam
275 1084 372 1122 tanti
401 1085 530 1122 meriti
559 1084 748 1135 praeteriit
780 1088 943 1134 tempuS,
964 1083 1081 1122 etiam
1101 1084 1324 1122 memoriam
1344 1084 1399 1121 in-

49 1147 170 1185 visam
189 1148 308 1196 esse,”
327 1147 550 1198 proclamat.
591 1147 721 1185 Attali
739 1159 889 1198 quoque
909 1146 1051 1185 caedem
1071 1146 1095 1164 ³⁶
1107 1147 1338 1196 objiciebat:
1360 1153 1398 1185 et

49 1210 99 1248 ad
134 1210 318 1248 ultimum
351 1210 478 1259 Jovis,
511 1224 624 1262 quem
656 1215 805 1261 patrem
836 1209 910 1248 sibi
942 1209 1170 1248 Alexander
1199 1215 1398 1258 assereret,

51 1273 245 1312 oraculum
264 1273 433 1323 eludens,
452 1274 604 1313 veriora
636 1286 676 1312 se
693 1273 806 1326 Regi,
826 1273 942 1325 quam
961 1277 1111 1325 patrem
1130 1274 1227 1324 ejus,
1247 1286 1397 1325 respon-

51 1338 152 1376 disse
173 1337 335 1376 dicebat.

130 1403 164 1440 6.
194 1401 220 1419 ²⁷
232 1401 263 1440 J
264 1414 328 1439 am
345 1404 497 1439 tantm
514 1400 584 1439 irae
603 1404 822 1452 conceperat
840 1400 941 1449 Rex,
961 1403 1146 1452 quantum
1164 1399 1232 1439 vix
1250 1399 1399 1439 sobrius

48 1465 148 1503 ferre
165 1465 366 1515 potuisset.
424 1464 632 1503 Enimvero
652 1477 756 1502 mero
775 1463 868 1502 olim
887 1463 1061 1503 sensibus
1087 1463 1214 1512 victis,
1234 1476 1282 1502 ex
1300 1464 1399 1502 lecto

50 1530 206 1578 repente
233 1527 422 1578 prosiluit.
478 1527 652 1565 Attoniti
681 1527 807 1575 amici,
826 1539 875 1565 ne
900 1526 1039 1577 positis
1057 1525 1224 1578 quidem,
1244 1527 1312 1566 sed
1339 1527 1399 1565 ab·

60 1590 175 1640 jectis
192 1589 349 1640 poculis,
369 1593 624 1640 consurgunt3
655 1589 695 1627 in
713 1593 891 1627 eventum
906 1589 976 1637 rei,
995 1602 1109 1640 quam
1126 1593 1236 1628 tanto
1254 1590 1400 1640 impetu

50 1658 205 1691 acturus
235 1657 347 1701 esset,
374 1652 524 1690 intenti.
580 1651 814 1700 Alexander,
843 1654 957 1702 rapta
985 1651 1120 1689 lancea
1148 1664 1197 1690 ex
1226 1652 1400 1691 manibus

50 1715 241 1768 armigeri,
263 1715 409 1755 Clitum
428 1715 549 1755 adhue
568 1715 702 1753 eadem
729 1715 871 1767 linguae
898 1714 1192 1766 intemperantia
1210 1715 1400 1753 furentem

48 1783 243 1830 percutere
270 1783 442 1827 conatus,
463 1791 487 1816 a
513 1778 724 1817 Ptolemaeo
743 1783 784 1816 et
811 1778 997 1817 Perdicca
1023 1777 1228 1817 inhibetur.
1285 1778 1400 1817 ³⁹Me-

50 1843 157 1881 dium
175 1841 373 1893 complexi,
389 1846 428 1880 et
447 1841 634 1880 obluctari
652 1846 973 1893 perseverantem,
987 1841 1260 1881 morabantur:
1290 1841 1400 1893 Lysi·

47 1905 205 1944 machus
219 1910 259 1944 et
277 1905 469 1943 Leonatus
489 1904 606 1942 etiam
633 1904 804 1943 lanceam
823 1904 1069 1943 abstulerant.
1125 1904 1204 1943 Ille
1231 1904 1401 1943 militum

48 1969 163 2007 fidem
189 1967 408 2019 implorans,
427 1967 692 2019 comprehendi
714 1981 754 2006 se
773 1981 796 2006 a
813 1968 997 2018 proximis
1024 1967 1244 2016 amicorum,
1265 1968 1402 2020 ³‘’quod

50 2033 170 2071 Dario
186 2045 308 2082 nuper
326 2031 538 2080 accidisset,
557 2031 744 2070 exclamat
760 2045 768 2070 ε
797 2031 1018 2083 signumque
1045 2031 1142 2070 tuba
1171 2031 1268 2081 dari,
1288 2037 1332 2070 ut
1351 2031 1401 2070 ad

49 2095 195 2146 regiam
224 2093 364 2132 armati
391 2094 550 2143 coirent,
566 2094 688 2144 jubet.
746 2094 845 2132 Tum
863 2095 954 2133 vero
985 2094 1221 2134 Ptolemaeus
1251 2099 1290 2133 et
1309 2095 1400 2133 Per·

51 2158 177 2196 diceas
195 2156 358 2208 genibus
376 2156 550 2195 advoluti
569 2161 690 2205 orant,
709 2170 757 2195 ne
784 2157 824 2194 in
843 2161 922 2195 tam
939 2157 1127 2209 praecipiti
1155 2157 1215 2196 ira
1232 2170 1401 2209 perseve-

51 2226 125 2269 ret,
146 2219 385 2270 spatiumque
411 2219 544 2270 potius
571 2220 697 2258 animo
725 2220 813 2259 det:
843 2220 968 2258 omnia
993 2226 1146 2271 postero
1167 2220 1227 2259 die
1251 2221 1401 2271 justius

52 2288 313 2323 executurum.
371 2281 450 2321 Sed
476 2282 613 2322 olausae
640 2289 748 2322 erant
775 2296 896 2333 aureS,
925 2283 1168 2335 obstrepente
1195 2283 1267 2323 ira.
1324 2283 1401 2322 lta-

51 2360 125 2399 que
143 2347 169 2365 ⁴⁰
184 2346 374 2396 impotens
391 2344 520 2394 animi,
537 2347 725 2396 percurrit
743 2346 783 2384 in
810 2347 926 2399 regiae
952 2347 1197 2396 vestibulum,
1217 2351 1268 2395 et,
1287 2345 1399 2396 vigili

52 2409 255 2449 excubanti
282 2408 395 2446 hasta
423 2407 567 2457 ablata,
585 2409 763 2448 constitit
789 2410 830 2448 in
847 2410 872 2428 ⁴¹
885 2409 1008 2459 aditu,
1036 2423 1112 2462 quo
1138 2421 1292 2447 necesse
1319 2413 1402 2446 erat

52 2474 113 2523 iis,
144 2473 211 2526 qui
241 2471 353 2511 simul
382 2476 630 2521 eoenaverant,
662 2473 800 2525 egredi.
857 2473 1047 2512 Abierant
1078 2472 1232 2512 eaeteri:
1274 2470 1400 2510 Clitus
