1583 2680
557 173 717 198 Lxsnu
756 172 824 197 111.
865 173 975 198 0111».
1017 172 1060 197 x.
1416 163 1487 199 241

151 271 261 305 nocte
292 263 585 316 praesideret-in
620 264 797 315 speculis,
833 265 1053 316 equitesque
1088 264 1339 315 praemitteret
1376 265 1425 303 ad
1453 279 1493 304 os

152 329 287 378 amnis,
306 333 351 367 ut
369 330 458 367 011111
477 341 581 366 marc
598 331 730 366 rursus
750 333 960 367 exaestuare
979 328 1198 377 sensissent,
1217 328 1491 379 praecederent.

153 392 320 444 Navigia
337 393 484 443 queque
502 391 666 430 lacerata
685 391 799 440 refici,
830 396 868 430 et
886 404 1016 430 eversa
1045 391 1222 430 fluctibus
1251 392 1349 443 erigi
1372 393 1494 442 jubet,

151 461 379 507 paratosque
408 468 490 493 esse
522 459 561 493 et
597 455 765 493 intentos
798 457 887 492 cum
923 457 1053 493 rursus
1089 468 1193 493 marc
1229 459 1352 494 terras
1390 456 1495 494 inun-

153 519 291 558 diisset.

236 585 296 621 32.
328 582 429 620 Tota
462 584 508 619 ea
544 587 653 619 nocte
689 581 789 618 inter
828 581 983 633 vigilias
1019 581 1377 634 adhortationesque
1414 595 1497 620 con-

153 649 318 697 sumptzi,
338 645 514 683 celeriter
533 645 680 696 equites
699 645 847 696 ingenti
879 657 992 683 cursu
1010 646 1193 697 refugere,
1213 650 1253 683 et
1272 650 1423 684 secutus
1443 652 1496 683 est

154 714 280 749 aestus.
339 708 415 755 Qui
434 709 569 759 primo,
589 708 699 760 aquis
718 708 795 746 leni
814 712 939 746 tractu
958 709 1219 758 subeuntibus,
1239 709 1354 760 coepit
1373 709 1497 748 levare

154 773 330 825 navigia:
358 785 447 811 mox
478 772 572 809 totis
600 771 743 821 campis
776 771 975 820 inundans,
995 772 1112 810 etiam
1138 772 1297 824 impulit
1315 773 1498 810 classem:

154 837 383 888 plaususque
413 834 579 873 militum
611 834 934 885 nauticorumque,
972 835 1202 886 insperatam
1239 835 1402 874 salutem
1433 836 1499 873 im-

154 900 305 938 modico
347 898 620 936 celebrantium
662 897 813 948 gaudio,
850 898 1047 936 littoribus
1083 899 1253 950 ripisque
1287 899 1498 938 resonabat.

156 963 267 1002 Unde
300 967 448 1000 tantum
476 961 639 999 redIsset
672 960 800 998 subito
837 961 974 999 mare?
1010 963 1085 1012 quo
1112 962 1238 1012 pridie
1265 962 1500 1014 refugisset?

154 1039 325 1078 quaenam
356 1029 457 1062 esset
489 1023 661 1073 ejusdcm
688 1023 864 1061 elementi
893 1028 1041 1072 natura,
1061 1025 1172 1063 modo
1201 1025 1356 1074 discors,
1388 1025 1500 1063 modo

155 1089 315 1140 imperio
352 1092 564 1138 temporum
599 1086 794 1124 obnoxia?
830 1086 1047 1124 mirabundi
1084 1088 1340 1139 requirebant.
1414 1088 1502 1126 Rex

154 1155 243 1190 cum
261 1165 310 1190 cx
328 1164 384 1200 eo,
403 1150 505 1202 quod
532 1149 732 1197 acciderat,
752 1150 995 1199 conjectaret,
1015 1155 1103 1200 post
1131 1150 1223 1189 solis
1242 1156 1369 1189 ortum
1390 1152 1414 1170 ’Β
1428 1156 1502 1190 sta-

155 1222 238 1254 tum
274 1220 425 1266 tempus
457 1225 552 1261 esse,
589 1212 716 1250 media
752 1217 874 1261 nocte,
911 1218 957 1251 ut
993 1218 1129 1252 aestum
1165 1220 1378 1264 occuparet,
1418 1228 1503 1253 cum

154 1278 287 1331 paucis
322 1277 486 1329 navigiis
522 1275 685 1315 secundo
722 1288 830 1314 amne
859 1275 1039 1315 defluxit:
1080 1281 1307 1328 evectusque
1343 1291 1385 1316 os
1421 1280 1502 1328 ejus

155 1341 434 1394 quadringenta
452 1339 579 1378 stadia
595 1339 779 1390 processit
796 1338 837 1376 in
856 1352 968 1378 mare.
1038 1339 1210 1378 Tandem
1227 1341 1309 1379 voti
1329 1340 1387 1379 sui
1407 1354 1502 1379 00111-

156 1418 235 1456 pos,
254 1403 485 1456 praesidibus
512 1408 552 1441 et
582 1402 699 1441 maris
718 1407 757 1440 et
788 1401 1075 1441 locorum-Diis
1104 1391 1284 1442 sacrificio
1312 1404 1426 1453 facto,
1455 1404 1504 1442 ad

156 1469 316 1507 classem
335 1467 464 1505 rediit.

237 1531 287 1570 X.
318 1533 380 1569 33.
437 1529 541 1568 Hinc
573 1528 775 1568 adversum
805 1529 944 1567 flumen
977 1529 1097 1568 subiit
1129 1529 1281 1580 elassis3
1311 1535 1351 1568 et
1383 1531 1503 1570 altero

159 1596 220 1633 dic
248 1593 406 1646 appulsa
437 1597 495 1631 est
521 1591 623 1630 haud
648 1591 782 1642 procul
812 1591 899 1629 lacu
931 1591 1042 1641 salso,
1071 1594 1180 1643 cujus
1208 1593 1342 1644 ignota
1367 1599 1504 1632 natura.

157 1660 359 1711 plerosque
390 1655 549 1706 decepit,
577 1655 719 1693 temere
751 1655 943 1706 ingressos
975 1668 1135 1706 aquam,
1165 1656 1304 1707 quippe
1335 1658 1344 1675 ¹
1361 1657 1504 1696 scabies

157 1735 313 1773 corpora
331 1719 492 1759 invasit:
522 1722 560 1756 et
588 1717 806 1768 contagium
837 1718 961 1756 morbi
979 1718 1096 1756 etiam
1123 1718 1163 1756 111
1191 1719 1287 1757 alios
1305 1719 1504 1772 vulgatum

157 1791 227 1824 est.
305 1783 444 1824 Oleum
479 1781 647 1820 remedio
683 1781 768 1820 fuit.
843 1781 1015 1820 Leonato
1051 1781 1190 1820 deinde
1222 1783 1434 1833 praemisso,
1462 1789 1506 1822 ut

157 1854 291 1901 puteos
317 1847 477 1895 foderet,
511 1845 615 1896 ²qua
646 1844 821 1883 terrestri
850 1845 987 1883 itinere
1015 1844 1198 1884 ducturus
1226 1847 1433 1885 exercitum
1450 1847 1504 1887 vi-

158 1913 320 1952 debatur
352 1910 507 1963 (quippe
541 1909 639 1947 sicea
671 1913 755 1947 erat
785 1908 905 1960 regio)
943 1908 1024 1960 ipse
1052 1922 1139 1947 cum
1166 1909 1285 1960 copiis
1316 1910 1502 1960 substitit,

158 1989 316 2016 vernum
334 1979 486 2025 tempus
514 1977 747 2024 exspectans.
803 1972 967 2011 Interim
986 1977 1025 2011 et
1043 1973 1155 2011 urbes
1182 1977 1391 2025 portusque
1420 1987 1503 2013 con-

159 2039 271 2078 didit.
327 2037 503 2076 Nearcho
522 2041 633 2088 atque
663 2035 894 2084 Onesicrito,
913 2035 1074 2074 nauticae
1092 2036 1150 2074 rei
1178 2036 1326 2087 peritis,
1347 2038 1504 2089 impera·

158 2103 227 2151 vit,
246 2106 292 2140 ut
308 2100 561 2139 validissimas
591 2099 746 2137 navium
777 2098 1008 2137 deducerent
1037 2099 1078 2137 in
1098 2098 1306 2149 Oceanum,
1332 2113 1504 2154 progres-

159 2166 265 2217 sique
301 2163 425 2215 quoad
460 2166 548 2200 tuto
585 2166 751 2213 possent,
795 2166 973 2201 naturam
1019 2163 1136 2201 maris
1171 2168 1396 2203 noscerent:
1442 2165 1503 2203 vel

158 2228 289 2267 eodem
321 2239 441 2275 amne,
460 2225 523 2264 vel
555 2225 753 2276 Euphrate
783 2225 910 2264 subire
937 2238 1000 2264 eos
1028 2227 1258 2277 posse,ci¹1m
1283 2227 1426 2266 reverti
1455 2228 1503 2265 ad

159 2305 199 2330 se
218 2290 370 2329 vellent.
427 2290 593 2340 Jamque
621 2289 795 2340 mitigata
815 2288 948 2340 hyeme
967 2293 1007 2328 et
1035 2289 1206 2339 navibus,
1235 2303 1320 2341 quae
1348 2290 1502 2328 inutiles

157 2354 397 2401 videbantur,
434 2352 621 2401 crematis,
649 2355 752 2390 terrai
779 2352 940 2391 ducebat
979 2353 1197 2392 exereitum
1273 2352 1397 2391 Nonis
1425 2366 1502 2390 cas-

158 2418 231 2456 tris
264 2417 303 2455 in
333 2416 524 2468 regionem
555 2415 818 2465 Arabitarum,
837 2415 926 2455 inde
946 2416 1107 2455 totidem
1126 2417 1260 2455 diebus
1288 2417 1329 2454 in
1358 2415 1501 2455 Gedro-

157 2481 299 2520 siorum
317 2481 507 2532 regionem
536 2484 759 2530 perventum
778 2485 846 2518 cst.
904 2479 1023 2518 Liber
1050 2479 1112 2518 hic
1143 2479 1320 2531 populus,
1340 2478 1500 2517 concilio
