1583 2680
103 131 109 137 ·
154 121 205 157 82
617 132 797 164 QUINTI
840 133 1022 158 cunrn

153 237 226 274 que
247 224 361 261 etiam
380 225 553 274 proximo
575 224 708 275 praelio
737 225 910 272 celebris,
931 229 968 262 et
1001 230 1158 263 caeteros
1178 225 1227 262 ad
1259 226 1490 265 deditionem

153 287 214 324 sui
250 287 478 325 incitaturus
516 287 692 337 exemplo
737 287 951 326 videbatur.
1028 288 1157 339 Igitur
1201 288 1301 326 hunc
1337 290 1492 340 quidem

151 350 311 400 benigne
350 364 435 388 cum
468 351 600 389 liberis
641 351 801 400 excepit.
875 350 1071 389 Caeterum
1107 351 1294 402 quadrato
1332 353 1492 403 agmine,

152 413 254 463 quod
287 413 368 463 ipse
402 414 575 462 ducebat,
595 413 705 452 velut
734 413 775 450 in
803 413 923 451 aciem
955 414 1067 462 irent,
1087 414 1237 464 ingredi
1252 427 1340 452 suos
1367 415 1488 464 jubet.

154 476 294 526 Magna
312 489 400 526 pars
420 476 726 527 Babyloniorum
745 477 967 514 constiterat
985 477 1025 514 in
1055 477 1187 525 muris,
1208 477 1320 515 avida
1339 490 1489 528 cognos-

152 539 262 576 cendi
290 552 430 577 novum
463 539 622 590 Regem.
694 538 832 576 Plures
865 539 1019 578 obviam
1051 540 1195 590 egressi
1226 544 1323 578 sunt.
1381 540 1492 577 Inter

150 613 244 651 quos
264 601 528 652 Bagophanes,
551 602 648 639 arcis
683 605 722 639 et
754 602 870 652 regiae
889 602 1060 652 pecuniae
1093 607 1233 650 custos,
1253 616 1300 640 ne
1320 602 1450 640 studio
1469 615 1492 639 a

153 663 297 701 Mazaeo
317 665 544 712 vinceretur,
559 669 684 702 totum
702 665 777 702 iter
795 665 952 703 floribus
972 665 1194 717 coronisque
1211 670 1487 714 constraverat;

151 727 340 777 argenteis
360 727 546 765 altaribus
578 731 740 777 utroque
772 727 893 764 latere
927 727 1136 777 dispositis,
1159 742 1245 779 quae
1274 741 1351 766 non
1378 728 1490 765 thure

151 789 274 836 modo,
296 789 363 826 sed
387 789 561 827 omnibus
581 789 763 828 odoribus
783 789 1054 827 cumulaverat.
1114 790 1213 828 Eum
1236 790 1335 828 dona
1363 803 1489 841 seque-

150 852 301 899 bantur,
321 864 456 902 greges
488 864 680 901 pccorum,
701 864 980 903 equorumque:
1010 853 1141 890 leones
1170 866 1319 904 quoque
1339 858 1378 891 et
1409 867 1489 903 par-

151 914 256 951 dales
277 915 402 952 caveis
418 914 730 964 praeferebantur.
771 915 797 932 ²⁰
813 914 921 966 Magi
937 915 1088 964 deinde,
1111 929 1178 953 suo
1198 929 1302 954 more
1321 916 1490 967 patrium

151 990 302 1014 carmen
332 982 521 1015 canentes.
580 977 679 1015 Post
710 978 780 1015 hos
811 976 984 1016 Chaldaei
1013 978 1387 1030 Babyloniorumque
1414 992 1490 1017 non

150 1045 258 1078 vates
277 1040 389 1078 modo
410 1040 478 1078 sed
497 1040 613 1078 etiam
634 1040 810 1088 artifices,
831 1054 919 1078 cum
947 1041 1088 1079 fidibus
1109 1043 1169 1079 sui
1188 1042 1336 1093 generis
1357 1042 1488 1080 ibant:

150 1103 282 1140 laudes
302 1103 342 1140 hi
374 1103 526 1152 Regum
547 1115 681 1140 canere
713 1103 841 1152 soliti;
875 1103 1048 1142 Chaldaei
1081 1104 1250 1142 siderum
1283 1109 1422 1152 motus,
1452 1111 1490 1142 ct.

151 1170 269 1204 statas
289 1170 502 1216 temporum
521 1166 622 1204 vices
651 1166 862 1203 ostendere.
921 1166 1082 1218 Equites
1103 1167 1240 1205 deinde
1270 1167 1489 1218 Babylonii,

151 1242 220 1267 suo
257 1234 369 1280 atque
407 1241 587 1280 equorum
624 1229 744 1278 cultu,
779 1230 805 1247 ²¹
821 1229 870 1266 ad
906 1229 1096 1267 luxuriam
1135 1231 1268 1281 magis,
1297 1233 1412 1282 quam
1441 1231 1490 1269 ad

151 1291 468 1342 magnificentiam
503 1296 647 1339 exacto,
679 1292 807 1329 ultimi
836 1292 952 1330 ibant.
1008 1293 1096 1330 Rex
1124 1293 1282 1331 armatis
1312 1294 1488 1344 stipatus,

151 1355 426 1405 oppidanorum
456 1355 606 1392 turbam
636 1359 726 1405 post
755 1355 912 1393 ultimos
944 1355 1095 1405 pedites
1127 1357 1182 1394 ire
1211 1357 1340 1406 jussit.
1399 1357 1489 1407 Ipse

151 1418 178 1436 ²²
193 1432 278 1456 cum
298 1431 413 1456 curru
441 1417 586 1465 urbem,
608 1430 650 1455 ac
670 1418 809 1455 deinde
829 1419 973 1469 regiam
1005 1419 1175 1457 intravit.
1235 1420 1398 1458 Postero
1427 1421 1489 1458 die

152 1481 426 1531 supellectilem
443 1480 563 1527 Darii,
585 1485 624 1517 et
643 1493 791 1518 omnem
810 1481 1008 1531 pecuniam
1027 1482 1259 1532 recognovit.

230 1546 264 1580 4.
297 1543 502 1590 Caeterum,
535 1543 561 1560 ²³
577 1542 696 1592 ipsius
724 1543 830 1581 urbis
863 1543 1110 1593 pulchritudo
1140 1557 1182 1582 ae
1210 1550 1395 1594 vetustas,
1415 1558 1489 1583 non

170 1607 271 1656 'tegis
290 1606 413 1653 modo,
434 1605 500 1643 sed
520 1605 635 1642 etiam
650 1606 818 1643 omnium
837 1606 966 1644 oculos
981 1607 1020 1643 in
1040 1612 1160 1645 semet
1179 1607 1280 1645 haud
1299 1608 1489 1646 immerito

151 1669 345 1707 convertit.
405 1669 624 1707 Semiramis
655 1682 738 1706 eam
770 1669 1004 1717 condiderat,
1034 1670 1095 1708 vel
1125 1670 1184 1719 (ut
1214 1671 1386 1722 plerique
1414 1685 1487 1709 crc-

152 1732 302 1782 didere)
343 1731 476 1779 Belus,
508 1733 618 1780 cujus
656 1732 761 1782 regia
797 1732 1023 1770 ostenditur.
1100 1733 1238 1770 Murus
1279 1734 1489 1772 instructus

151 1796 174 1812 ²¹
190 1795 374 1833 laterculo
395 1794 536 1842 coctili,
556 1794 742 1832 bitumine
756 1794 961 1842 interlitus,
983 1795 1148 1845 spatium
1168 1809 1247 1833 xxx
1267 1802 1306 1834 et
1326 1797 1487 1835 duorum

151 1859 289 1908 pedum
310 1857 552 1895 latitudinem
566 1856 808 1906 amplectitur
826 1870 833 1894 :
854 1857 1050 1909 quadrigae
1071 1859 1171 1896 inter
1191 1872 1228 1896 se
1248 1867 1487 1898 occurrentes

151 1923 231 1959 sinc
251 1919 420 1970 periculo
441 1919 467 1936 ²⁵
481 1932 690 1956 commeare
720 1919 912 1957 dicuntur.
971 1920 1154 1959 Altitudo
1173 1922 1273 1959 muri
1293 1922 1320 1940 ²⁶
1334 1928 1488 1961 centum

151 1984 363 2021 cubitorum
383 1982 524 2019 eminet
543 1982 675 2032 spatio.
725 1982 867 2020 Turres
889 1983 997 2020 denis
1016 1984 1189 2033 pedibus,
1208 1986 1324 2036 quum
1342 1999 1486 2033 murus,

151 2045 305 2083 altiores
326 2050 424 2081 sunt.
449 2074 470 2093 0
498 2044 634 2082 Totius
665 2045 790 2095 operis
821 2045 987 2083 ambitus
1015 2047 1041 2063 ²⁷
1058 2060 1210 2086 cchxv
1236 2048 1362 2085 stadia
1391 2061 1487 2086 com·

151 2108 341 2159 plectitur.
395 2107 680 2157 ²*Singulorum
711 2108 922 2146 stadiorum
953 2114 1185 2148 structuram
1216 2111 1376 2162 singulis
1409 2112 1486 2150 die-

152 2171 221 2208 bus
254 2170 461 2221 perfectam
495 2183 587 2217 esse,
621 2171 813 2208 memoria>
846 2172 1040 2220 proditum
1072 2180 1142 2211 est.
1203 2174 1385 2212 AEdifieia
1410 2188 1486 2213 non

151 2238 239 2271 sunt
271 2232 423 2269 admota
443 2233 571 2278 muris,
593 2233 660 2269 scd
694 2234 771 2270 scri*-
794 2236 959 2283 spatium
987 2236 1100 2273 unius
1129 2238 1153 2254 ²⁹
1169 2238 1315 2287 jugeris
1334 2237 1483 2276 absunt.

152 2298 210 2334 Ac
244 2309 289 2333 ne
324 2301 441 2331 totam
471 2295 624 2345 quidem
658 2296 791 2333 urbem
822 2298 931 2333 tectis
962 2306 1252 2348 occupaverunt.
1326 2300 1402 2339 Per
1435 2313 1484 2338 xc

150 2358 274 2396 stadia
307 2357 524 2395 habitatur:
565 2371 632 2395 nee
667 2358 792 2395 omnia
823 2359 1040 2398 ³⁴*contiuua
1072 2368 1185 2409 sunt.;
1231 2362 1355 2410 credo,
1394 2363 1486 2414 quia

150 2423 269 2459 tutius
307 2421 429 2459 visum
470 2425 526 2458 est
574 2421 747 2471 pluribus
796 2421 889 2459 locis
929 2424 1065 2475 spargi.
1145 2425 1294 2463 Caetera
1341 2432 1484 2473 serunt,
