1583 2680
450 167 610 193 Llnnn
648 167 771 192 VI11.
817 167 927 192 car.
972 168 1014 192 v.
1331 156 1402 193 189

141 262 198 299 18.
227 259 338 311 Agis,
359 259 513 311 quidam
539 258 724 310 Argivus,
754 258 1016 309 (pessimorum
1043 257 1254 296 carminum
1275 259 1299 277 ¹⁰
1315 264 1401 310 post

55 322 265 362 Choerilum
296 323 499 374 eonditor,)
527 327 566 360 et
594 335 642 360 ex
675 322 810 361 Sicilia
831 322 934 371 Cleo,
955 322 1032 372 (hic
1062 321 1226 373 quidem,
1245 334 1319 359 non
1347 322 1400 360 in-

51 386 155 438 genii
192 385 331 435 solum,
369 387 436 424 sed
471 386 587 424 etiam
622 385 786 424 nationis
821 385 928 434 vitio,
959 384 1160 436 adulator,)
1189 389 1229 423 et
1264 389 1401 423 caetera

51 449 203 488 urbium
231 443 397 487 suarum'
411 455 671 501 purgamenta,
702 463 787 501 quae
818 449 1038 500 propinquis
1068 448 1197 497 etiam,
1217 448 1396 486 maximo-

51 525 208 564 rumque
237 513 475 552 exercituum
505 513 672 562 ducibus,
693 527 716 551 a
734 515 842 564 Rege
860 512 1179 563 praeferebantur3
1212 513 1234 529 ¹¹
1250 511 1291 549 hi
1317 516 1397 549 tum

50 576 184 614 coelum
216 576 274 614 illi
304 577 536 628 aperiebant,
568 577 847 628 Herculemque
876 579 914 613 et
950 580 1097 626 patrem
1134 574 1329 623 Liberum,
1359 580 1398 612 et

49 652 135 677 cum
165 639 324 678 Polluce
345 639 542 679 Castorem
572 652 668 678 novo
688 639 834 678 numini
854 639 880 657 ¹¹
892 650 1064 676 cessuros
1083 650 1164 676 esse
1187 637 1396 687 jactabant.

50 702 176 753 Igitur
206 703 305 741 festo
325 703 386 741 die
415 703 516 741 omni
547 703 740 753 opulentia
760 701 973 740 convivium
1001 701 1176 740 exornari
1190 700 1312 750 jubet,
1334 700 1395 738 cui

49 778 124 802 non
145 765 373 804 Macedones
392 766 519 814 modo,
541 770 580 803 et
600 765 726 804 Graeci
753 765 942 816 principes
961 764 1177 812 amicorum,
1197 763 1264 802 sed
1282 763 1397 801 etiam

49 827 214 866 Barbari
254 827 400 867 nobiles
429 829 711 867 adhiberentur.
788 828 885 868 Cum
903 828 1041 880 quibus
1069 828 1160 865 eum
1188 826 1397 866 discubuis-

49 897 108 928 set
138 891 236 940 Rex,
268 891 462 942 paulisper
493 891 681 942 epulatus,
712 891 882 930 convivio
915 890 1117 942 egreditur.
1175 889 1278 937 Cleo,
1299 889 1398 928 sicut

47 959 340 1005 praeparaverat,
357 968 567 993 sermonem
581 968 665 993 cum
679 955 930 993 admiratione
946 953 1103 992 laudum
1115 953 1197 1003 ejus
1212 952 1394 991 instituit.

50 1017 194 1055 Merita.
229 1018 366 1055 deinde
398 1018 632 1068 percensuit;
676 1017 816 1068 quibus
847 1029 922 1054 uno
959 1016 1070 1054 modo
1101 1015 1236 1054 referri
1272 1016 1397 1067 gratia

46 1084 186 1130 posset,
207 1080 253 1129 si,
271 1093 384 1131 quem
398 1079 659 1131 intelligerent
689 1080 814 1118 Deum
844 1092 936 1127 esse,
958 1079 1236 1128 confiterentur,
1257 1079 1396 1130 exigua

47 1142 171 1180 thuris
210 1143 382 1193 impensa
414 1147 522 1180 tanta
564 1142 746 1181 beneficia
785 1141 992 1193 pensaturi.
1067 1142 1206 1179 Persas
1242 1141 1396 1193 quidem

45 1219 120 1243 non
148 1206 210 1256 pie
242 1205 375 1255 solum,
409 1205 476 1244 sed
504 1205 619 1243 etiam
649 1205 866 1256 prudenter,
894 1205 1022 1256 Reges
1050 1217 1140 1242 suos
1167 1204 1266 1242 inter
1294 1204 1396 1242 Deos

47 1269 170 1307 colere
190 1281 198 1307 :
230 1269 254 1287 ¹³
269 1271 512 1319 maJestatem
539 1269 640 1306 enim
667 1268 830 1319 imperii,
850 1267 986 1306 salutis
1005 1280 1085 1306 esse
1105 1267 1275 1307 tutelam.
1334 1268 1395 1306 Ne

47 1331 255 1370 Herculem
285 1331 439 1383 quidem
480 1336 519 1370 et
549 1337 699 1382 patrem
731 1331 914 1370 Liberum
948 1331 1054 1381 prins
1091 1330 1240 1369 dicatos
1281 1330 1393 1379 Deos,

45 1397 161 1446 quam
196 1396 377 1434 vicissent
414 1396 580 1434 ¹*secum
615 1395 828 1434 viventium
864 1394 1058 1433 invidiam.
1135 1393 1394 1432 Tantiimdem

47 1471 198 1510 quoque
229 1464 398 1510 posteros
431 1459 598 1507 credere,
626 1460 814 1510 quantum
845 1471 1012 1508 praesens
1030 1462 1125 1496 aetas
1145 1458 1393 1508 ”spopondis-

47 1526 115 1560 set.
178 1521 291 1567 Quod
320 1522 353 1559 si
382 1522 510 1560 caeteri
530 1522 718 1571 dubitent,
746 1521 1004 1571 semetipsum,
1024 1523 1108 1558 eum
1139 1520 1228 1559 Rex
1260 1521 1395 1559 in1sset

46 1583 270 1632 convivium,
289 1589 568 1634 prostraturum
587 1584 696 1621 humi
723 1596 882 1634 corpus;
912 1583 1049 1622 debere
1068 1583 1169 1621 idem
1187 1584 1310 1622 facere
1325 1597 1394 1622 cae·

48 1653 164 1696 teros,
184 1652 223 1685 et
242 1647 281 1685 in
299 1647 433 1698 primis
449 1647 636 1698 sapientia
654 1646 846 1697 praeditos
901 1645 966 1684 Ab
985 1646 1062 1683 illis
1082 1646 1181 1684 enim
1200 1646 1328 1684 cultus
1353 1647 1393 1684 in

47 1711 195 1762 Regem
214 1723 294 1748 esse
312 1710 546 1760 prodendum
565 1710 787 1761 exemplum.

132 1776 188 1811 19.
229 1774 349 1812 Haud
389 1774 566 1824 perplexe
603 1774 642 1811 in
680 1773 941 1812 Calisthenem
987 1772 1220 1824 dirigebatur
1258 1772 1389 1810 oratio.

47 1836 229 1875 Gravitas
265 1836 340 1875 viri
371 1842 411 1875 et
445 1838 655 1887 ¹⁶prompta
691 1836 850 1874 libertas
880 1835 1002 1873 invisa
1031 1841 1113 1873 erat
1143 1835 1255 1886 Regi,
1283 1835 1392 1886 quasi

47 1899 147 1937 solus
178 1899 408 1937 Macedonas
436 1904 589 1950 paratos
621 1899 671 1936 ad
703 1898 781 1936 tale
817 1898 1037 1949 obsequium
1072 1902 1291 1935 moraretur.
1349 1897 1392 1935 Is

48 1966 139 2011 tum,
159 1962 314 2000 silentio
333 1963 449 2011 facto,
468 1975 588 2000 unum
606 1962 718 2000 illum
732 1961 967 1999 intuentibus
981 1961 1138 2008 eaeteris,
1168 1959 1243 1999 “Si
1268 1959 1390 2008 Rex,”

48 2025 184 2076 inquit,
204 2028 226 2047 “
243 2025 408 2064 sermoni
437 2030 505 2064 tuo
523 2025 704 2073 affuisset,
722 2024 866 2062 nullius
893 2024 1063 2074 profecto
1081 2036 1157 2061 vox
1174 2023 1391 2075 responsuri

48 2089 120 2126 tibi
141 2087 431 2126 desideraretur.
488 2088 579 2138 Ipse
597 2088 699 2126 enim
726 2091 883 2137 peteret,
902 2099 948 2124 ne
967 2086 1007 2123 in
1034 2086 1251 2138 peregrinos
1270 2090 1390 2124 exter-

47 2163 188 2202 nosque
206 2151 306 2188 ritus
324 2151 553 2203 degenerare
571 2163 611 2188 se
629 2163 793 2201 cogeres,
812 2162 886 2188 neu
905 2149 1017 2188 rebus
1035 2149 1251 2188 felicissime
1269 2149 1391 2201 gestis

51 2217 73 2233 ¹⁷
91 2214 273 2252 invidiam
304 2213 375 2252 tali
404 2214 624 2252 adulatione
651 2213 902 2251 contraheres.
958 2213 1035 2252 Sed
1063 2213 1240 2264 quoniam
1272 2213 1389 2262 abest,

48 2291 116 2330 ego
136 2277 207 2315 tibi
227 2289 297 2328 pro
315 2277 382 2315 illo
401 2277 617 2328 respondeo.
674 2277 698 2294 ¹⁸
710 2275 871 2315 Nullum
889 2289 969 2314 esse
996 2276 1171 2314 eumdem
1189 2281 1229 2314 et
1247 2275 1390 2314 diutur-

50 2355 154 2390 num,
175 2345 214 2378 et
243 2353 445 2391 praecocem
475 2341 663 2378 fructum:
692 2339 936 2391 coelestesque
954 2339 1114 2378 honores
1143 2352 1217 2377 non
1235 2339 1323 2377 dare
1352 2344 1391 2376 te

50 2405 163 2456 Regi,
195 2404 262 2442 sed
294 2404 450 2442 auferre.
519 2403 728 2442 Intervallo
765 2403 865 2441 enim
901 2416 995 2454 opus
1028 2408 1099 2451 est,
1137 2407 1181 2440 ut
1217 2401 1394 2440 credatur

52 2467 166 2516 Deus,
194 2480 412 2518 semperque
442 2467 536 2504 hanc
565 2467 727 2518 gratiam
760 2466 906 2518 magnis
925 2466 1019 2505 viris
1046 2465 1190 2516 posteri
1217 2464 1390 2504 reddunt.
