1583 2680
138 122 185 157 48
601 132 782 163 QU1NT1
823 131 1005 157 cunT11

135 224 322 261 citantur:
361 224 543 274 nulloque
577 237 623 261 cx
650 224 710 260 his
745 237 836 262 auso
868 237 1093 274 repugnare,
1123 225 1297 263 omnibus
1331 229 1476 264 catenae

136 287 286 337 injectae
321 292 430 325 sunt:
471 288 708 337 Amphotero
746 287 895 335 deinde,
927 288 1224 339 Hegelochoque
1257 289 1472 326 traduntur.

136 350 240 388 Hinc
257 351 486 388 Macedones
507 350 692 387 transiere
713 350 955 400 Mitylenem,
971 351 1090 401 quam
1107 351 1249 390 Chares
1265 352 1475 389 Athenien-

136 413 188 451 sis
207 427 326 464 nuper
342 419 564 464 occupatam
585 414 746 450 duorum
765 414 928 452 millium
951 414 1157 452 Persarum
1176 415 1355 465 praesidio
1372 421 1475 452 tene-

135 477 219 515 bat:
250 478 318 515 sed
345 479 434 515 cum
462 477 697 515 obsidionem
727 477 893 515 tolerare
921 490 998 515 non
1029 483 1170 527 posset,
1190 479 1284 517 urbe
1318 478 1474 526 tradita,

134 545 281 589 pactus,
298 545 342 578 ut
361 539 540 578 incolumi
560 539 662 577 abire
678 538 826 588 liceret,
845 540 1018 579 Imbrum
1036 541 1156 590 petit-3
1188 541 1328 578 deditis
1351 540 1476 578 Mace-

134 602 251 640 dones
270 607 529 653 pepercerunt.

213 665 286 703 VI.
319 669 379 703 23.
412 665 565 716 DariuS,
595 664 797 714 desperata
825 678 928 716 pace,
957 679 1071 716 quam
1099 679 1167 716 por
1194 666 1346 704 litteras
1378 665 1465 715 lega

136 733 268 779 tesque
301 729 499 779 impetrari
531 741 642 778 posse
675 729 903 777 crediderat,
933 730 983 767 ad
1009 730 1240 780 reparandas
1267 729 1381 777 vires,
1401 728 1479 767 bel-

135 792 288 843 lumque
308 793 469 844 impigre
499 793 761 830 renovandum
795 793 963 830 intendit
997 794 1176 831 animum.
1234 793 1363 830 Duces
1383 794 1477 843 ergo

135 856 327 904 copiarum
341 855 594 905 Babyloniam
609 856 824 905 convenire,
842 856 1007 894 Bessum
1022 869 1169 908 quoque
1185 855 1479 893 Bactrianorum

134 920 489 970 1»raetorem,quan1
521 919 688 958 maximo
718 925 848 970 posset
879 920 1053 958 exercitu
1084 924 1227 968 coacto,
1248 918 1479 957 descendere

136 982 184 1019 ad
204 995 243 1020 se
259 982 380 1032 jubet.
440 982 540 1021 Sunt
559 987 689 1020 autem
712 983 913 1020 Bactriani
940 983 1041 1021 inter
1060 983 1146 1020 illas
1173 987 1309 1033 gentes
1328 994 1479 1032 promp-

136 1046 288 1094 tissimi,
307 1045 474 1083 horridis
498 1045 674 1096 ingeniis,
694 1046 937 1096 multumque
958 1059 980 1083 a
999 1046 1207 1083 Persarum
1233 1045 1330 1082 luxu
1349 1045 1480 1083 abhor-

136 1109 333 1147 rentibus:
363 1109 430 1146 siti
448 1108 552 1145 haud
571 1108 706 1158 procul
726 1108 957 1158 Scytharum
984 1108 1275 1150 bellicosissima
1293 1113 1420 1159 gente,
1442 1113 1482 1145 et

136 1176 245 1222 rapto
265 1172 392 1209 vivere
411 1171 567 1219 assueti,
589 1184 737 1222 semper
756 1171 796 1208 in
818 1171 931 1209 armis
952 1176 1070 1209 erant.
1131 1172 1208 1210 Sed
1228 1171 1384 1219 Bessus,
1403 1184 1480 1210 sus—

136 1237 249 1285 pecta
268 1234 441 1285 perfidia,
461 1234 563 1272 haud
585 1236 674 1273 sane
695 1247 804 1286 aequo
831 1235 956 1273 animo
977 1235 1017 1272 in
1037 1235 1203 1273 secundo
1224 1248 1263 1272 se
1284 1235 1480 1273 continens

137 1290 284 1348 gradu,⁸
301 1298 449 1349 Regem
468 1298 649 1337 terrebat.
707 1298 809 1336 Nam
829 1299 919 1335 cl‘lm
947 1311 1108 1349 regnum
1127 1298 1336 1346 affectaret,
1356 1298 1477 1349 prodi-

137 1362 203 1411 tio,
223 1362 298 1413 qua
319 1361 401 1399 sola
422 1361 463 1399 id
482 1362 633 1412 assequi
651 1366 816 1412 poterat,
837 1361 1057 1399 timebatur.
1116 1362 1126 1379 ¹
1144 1361 1342 1400 Caeterum
1362 1361 1481 1400 Alex-

139 1425 267 1475 ander,
286 1439 400 1476 quam
429 1425 624 1477 regionem
652 1425 794 1464 Darius
822 1425 1010 1476 petiisset,
1032 1425 1133 1463 omni
1161 1428 1254 1463 cura
1272 1425 1481 1476 vestigans,

139 1494 266 1526 tamen
286 1489 489 1539 explorare
507 1501 582 1526 non
602 1492 766 1539 poterat,
785 1501 890 1526 more
915 1488 1078 1539 quodam
1107 1489 1326 1536 Persarum,
1347 1501 1483 1526 arcana

139 1552 292 1603 Regum
310 1552 408 1589 mira
429 1551 636 1590 celantium
654 1551 739 1589 fide.
797 1551 888 1589 Non
916 1555 1054 1599 metus,
1075 1564 1151 1589 non
1182 1564 1268 1602 spes
1298 1551 1404 1589 elicit
1421 1564 1483 1589 vo-

138 1629 230 1663 cem,
246 1617 322 1666 qua
341 1615 552 1666 prodantur
568 1614 738 1652 occulta:
771 1618 882 1652 vetus
902 1613 1104 1664 disciplina
1120 1614 1273 1666 Regum
1287 1614 1482 1653 silentium

138 1679 230 1717 vitae
266 1677 434 1729 periculo
473 1681 663 1716 sanxerat.
735 1677 887 1728 Lingua
923 1677 1074 1728 gravius
1112 1678 1334 1728 castigatur,
1367 1679 1483 1728 quam

138 1742 260 1780 ullum
280 1741 485 1792 probrum,
517 1742 529 1759 ²
543 1754 611 1778 nec
631 1753 808 1791 magnam
826 1753 906 1778 rem
927 1740 1108 1777 sustineri
1127 1752 1238 1790 posse
1257 1740 1417 1778 credunt
1435 1741 1482 1779 ab

140 1820 195 1854 eo,
217 1806 279 1843 cui
298 1811 423 1843 tacere
443 1817 557 1855 grave
577 1804 649 1852 sit3
680 1803 782 1854 quod
801 1802 944 1840 homini
971 1802 1197 1840 facillimum
1215 1803 1382 1841 volucrit
1401 1817 1484 1842 esse

140 1875 286 1907 natura.
343 1869 355 1886 ³
372 1868 434 1907 Ob
466 1868 563 1905 hanc
602 1879 755 1904 causam
791 1865 1014 1903 Alexander
1048 1866 1226 1913 omnium,
1259 1880 1344 1917 quae
1383 1868 1485 1917 apud

140 1933 287 1970 hostem
302 1935 535 1983 gererentur,
552 1930 719 1981 ignaruS,
735 1928 869 1966 urbem
886 1927 1026 1967 Gazam
1043 1928 1254 1967 obsidebat.
1312 1930 1486 1968 Praeerat

142 1997 177 2034 ci
207 1996 319 2034 Betis
353 1995 504 2033 eximia}
533 1994 572 2031 in
602 1993 750 2044 Regem
784 2005 896 2030 suum
923 1991 1023 2041 fidei,
1049 1991 1272 2043 modicoque
1305 1993 1485 2043 praesidio

143 2073 271 2097 muros
291 2060 301 2077 ⁴
318 2059 483 2108 ingentis
504 2057 629 2108 operis
650 2056 838 2095 tuebatur.

221 2124 281 2161 24.
314 2122 550 2169 Alexander,
571 2121 761 2159 aestimato
782 2120 951 2157 locorum
972 2118 1061 2165 situ,
1084 2119 1145 2169 agi
1166 2119 1177 2135 ⁶
1191 2119 1384 2158 cuniculos
1409 2122 1485 2170 jus·

144 2188 206 2235 sit,
221 2185 327 2224 facili
347 2199 389 2223 ac
405 2185 480 2223 levi
500 2185 613 2222 humo
634 2188 855 2233 acceptante
875 2182 1065 2220 oecultum
1086 2196 1200 2232 opus:
1231 2183 1373 2234 quippe
1392 2183 1486 2222 mul-

146 2258 222 2288 tam
256 2263 408 2287 arenam
436 2249 605 2286 vicinum
640 2261 742 2285 marc
777 2247 930 2292 evomit,
956 2259 1023 2283 nee
1057 2259 1149 2283 saxa.
1182 2251 1373 2298 cotesque,
1401 2260 1487 2298 quae

146 2313 392 2364 interpellent
425 2313 436 2330 ⁰
451 2325 598 2363 specus,
627 2310 842 2349 obstabant.
903 2309 1030 2361 Igitur
1063 2308 1111 2347 ab
1144 2312 1190 2347 ea
1221 2315 1340 2360 parte,
1374 2323 1487 2361 quam

146 2378 340 2430 oppidani,
361 2377 577 2428 conspicere
597 2389 669 2413 non
690 2380 856 2425 possent,
878 2387 972 2423 opus
1002 2387 1123 2421 orsuS,
1145 2374 1155 2391 ⁷
1169 2378 1212 2412 ut
1232 2387 1254 2411 a
1272 2387 1386 2413 sensu
1405 2375 1488 2424 ejus

147 2446 337 2482 averteret
371 2446 498 2479 turres
526 2439 645 2478 muris
675 2437 869 2476 admoveri
894 2437 1014 2487 jubet.
1075 2437 1151 2475 Sed
1185 2437 1316 2475 eadem
1350 2437 1488 2475 humus
