1583 2680
123 171 197 208 184
586 180 770 213 QUINTI
812 179 994 206 cun-ru

117 288 185 325 pro
217 274 373 313 absente
404 273 599 324 transegit.
671 273 910 324 Spitamenes
939 272 1072 310 uxoris
1101 271 1304 310 immodice
1335 283 1460 310 amore

116 338 324 389 fla-grabat3
354 351 467 388 quam
487 338 589 388 aegre
624 337 756 388 fugam
776 341 816 374 et
847 349 946 374 nova
978 335 1139 374 subinde
1158 335 1272 373 exilia
1298 335 1460 373 toleran-

116 405 194 438 tem
227 401 266 437 in
297 413 407 438 omne
440 400 640 438 discrimen
676 399 853 437 comitem
885 399 1071 437 trahebat.
1129 399 1218 447 Illa,
1248 398 1357 436 malis
1376 399 1462 436 fati·

115 468 216 514 gata,
255 463 467 501 identidem
503 463 710 501 muliebres
748 463 929 501 adhibere
966 462 1186 510 blanditias,
1224 466 1269 499 ut
1305 461 1460 499 tandem

115 527 245 577 fugam
277 526 443 574 sisteret,
477 525 708 577 victorisque
739 525 955 563 Alexandri
986 525 1229 563 clementiam
1266 521 1460 575 expertus,

114 589 283 639 placaret
302 602 414 640 quem
447 589 614 639 effugere
647 602 724 626 non
753 593 892 639 posset.
952 589 1050 626 Tres
1070 588 1193 626 adulti
1222 593 1330 626 erant
1349 587 1462 625 liberi

116 666 163 689 ex
184 666 226 689 eo
245 653 388 702 geniti:
418 665 513 703 quos
547 653 637 689 cum
667 652 813 702 pectori
839 652 961 702 patris
987 651 1231 700 admovisset,
1251 656 1296 688 ut
1326 650 1463 688 saltem

116 728 246 752 corum
279 716 450 753 misereri
484 715 611 763 vellet,
646 715 790 753 orabat.
846 715 931 752 ²Et
963 715 1038 765 quo
1072 714 1296 752 efficaciores
1334 718 1463 751 essent

115 791 256 828 preces,
291 778 394 815 haud
423 778 556 827 procul
586 783 669 814 erat
706 777 940 814 Alexander.
1008 777 1112 814 3Ι110
1151 789 1190 814 se
1227 776 1350 827 procli,
1387 789 1462 814 non

115 841 261 878 moneri
293 846 412 888 ratus,
446 845 485 878 et
520 841 653 878 formae
683 840 856 890 profecto
889 839 1029 877 fiducia
1062 852 1200 890 cupere
1227 853 1310 877 eam
1337 853 1461 891 quam-

114 903 282 952 primum
313 903 399 940 dedi
429 902 667 950 Alexandro,
688 902 879 940 acinacem
910 902 1078 950 strinxit,
1099 915 1350 952 percussurus
1371 915 1462 940 uxo-

115 979 208 1013 rem,
228 965 303 1003 nisi
335 965 552 1016 prohibitus
587 970 687 1003 esset
719 966 884 1003 fratrum
915 967 997 1015 ejus
1028 977 1197 1003 occursu.
1271 965 1463 1004 Caeterum

116 1029 221 1066 abire
254 1033 461 1079 conspeetu
489 1029 615 1079 jubet,
636 1028 768 1067 addito
799 1034 905 1066 metu
934 1030 1082 1078 mortis,
1105 1029 1137 1067 si
1168 1042 1208 1067 se
1240 1029 1359 1067 oeulis
1379 1031 1462 1079 ejus

116 1092 342 1141 obtulisset3
375 1097 414 1130 et
447 1092 496 1129 ad
527 1092 761 1130 desiderium
792 1092 996 1131 levandum
1025 1097 1158 1130 noctes
1187 1092 1288 1129 inter
1305 1092 1462 1142 pellices

115 1169 227 1206 agere
247 1156 369 1206 coepit.
447 1156 524 1194 Sed
543 1156 701 1206 penitus
720 1156 867 1194 haerens
888 1169 993 1194 amor
1011 1156 1023 1173 ⁴
1037 1155 1194 1194 fastidio
1214 1156 1462 1206 praesentium

116 1232 294 1256 accensus
315 1224 384 1256 est.
443 1219 580 1270 Itaque
600 1232 735 1256 rursus
754 1220 822 1256 uni
837 1219 871 1256 ei
893 1219 1059 1267 deditus,
1076 1232 1183 1257 orare
1202 1232 1278 1256 non
1299 1219 1462 1269 destitit,

115 1287 159 1319 ut
178 1282 248 1319 tali
267 1282 423 1319 consilio
455 1282 677 1329 abstineret,
698 1286 971 1333 patereturque
1007 1287 1161 1330 sortem,
1182 1295 1461 1333 quamcumque

116 1345 170 1382 cis
202 1345 357 1382 fortuna
397 1344 572 1382 fecisset:
614 1345 687 1382 sibi
724 1350 886 1382 mortem
917 1345 1111 1384 deditione
1148 1358 1230 1383 csse
1267 1345 1458 1383 leviorem.

116 1409 173 1445 At
192 1407 259 1445 illa
288 1421 452 1459 purgare
483 1421 534 1455 se,
556 1408 567 1424 ⁶
581 1408 684 1459 quod
703 1421 789 1458 quae
807 1408 922 1445 utilia
950 1421 1032 1446 esse
1061 1409 1250 1458 censebat,
1269 1409 1459 1447 muliebri-

119 1484 174 1508 ter
193 1471 366 1520 forsitan,
387 1471 454 1508 sed
474 1471 551 1508 fida
576 1476 702 1508 tamen
723 1477 847 1508 mente
868 1472 1054 1509 suasisset
1071 1484 1078 1509 :
1108 1472 1120 1489 ⁶
1136 1472 1183 1510 de
1203 1477 1341 1510 caetero
1361 1473 1460 1510 futu-

115 1547 195 1570 ram
216 1534 253 1570 in
274 1534 347 1572 viri
366 1538 568 1583 potestate.

200 1600 253 1634 13.
287 1597 530 1647 Spitamenes
561 1596 740 1634 simulato
774 1601 910 1647 captus
940 1597 1122 1649 obsequio
1142 1598 1212 1636 ⁷de
1246 1599 1308 1636 die
1339 1599 1460 1638 convi-

114 1661 218 1698 vium
239 1660 413 1710 apparari
429 1660 541 1709 jubet
559 1672 566 1697 :
595 1659 760 1710 vinoque
782 1665 820 1696 et
839 1660 962 1710 epulis
989 1661 1130 1712 gravis,
1152 1661 1402 1700 semisomnus
1422 1662 1461 1700 in

115 1724 333 1761 cubiculum
362 1723 497 1761 fertur.
556 1722 678 1768 Quem
707 1728 752 1760 ut
783 1723 884 1760 Β11110
915 1728 955 1761 et
984 1724 1093 1774 gravi
1125 1737 1254 1762 somno
1293 1725 1460 1775 sopitum

116 1800 198 1824 esse
231 1787 351 1824 sensit
380 1799 488 1834 uxor,
520 1776 702 1836 gladium,
723 1799 834 1837 quem
853 1792 960 1823 veste
989 1787 1258 1834 occultaverat,
1280 1788 1458 1838 stringit3

117 1855 306 1900 caputque
337 1851 420 1899 ejus
451 1849 661 1887 abscissum
691 1861 826 1886 cruore
858 1861 1032 1899 respersa
1065 1862 1173 1887 servo
1205 1863 1273 1887 suo
1310 1852 1461 1889 conscio

116 1913 293 1950 facinoris
314 1912 446 1950 tradit.
517 1911 665 1949 Eodem
695 1912 900 1949 comitante
921 1912 1038 1960 (sicut
1058 1918 1141 1950 erat
1160 1917 1319 1951 0111011ῒεί
1338 1917 1460 1965 veste)

118 1977 154 2012 in
178 1976 431 2013 Macedonum
451 1980 578 2013 castra
609 1975 793 2025 pervenit,
814 1976 1062 2026 nunciarique
1084 1976 1307 2015 Alexandro
1337 1978 1460 2027 jubet,

119 2053 210 2086 csse,
232 2053 315 2090 qua>
336 2053 382 2077 ex
402 2039 487 2089 ipsa
507 2038 663 2077 deberet
683 2051 896 2089 agnoscere.
955 2039 1030 2076 Ille
1051 2040 1227 2090 protinus
1248 2040 1460 2079 Barbaram

126 2103 243 2151 jussit
276 2103 440 2140 admitti.
500 2102 624 2148 Quam
656 2107 701 2139 ut
735 2115 926 2152 aspersam
959 2115 1092 2140 eruore
1121 2104 1332 2154 conspexit,
1353 2110 1460 2143 ratus

116 2165 163 2201 ad
184 2164 454 2214 deplorandam
475 2165 742 2202 contumeliam
762 2165 923 2212 venisse,
941 2166 1065 2204 dicere
1084 2180 1170 2218 quae
1189 2167 1318 2216 vellet,
1335 2167 1457 2217 jubet.

116 2228 173 2264 At
207 2227 283 2274 illa,
305 2240 456 2265 servum
489 2241 602 2278 quem
634 2233 735 2264 stare
767 2228 803 2264 in
836 2228 1026 2266 vestibulo
1053 2231 1235 2279 jusserat,
1267 2230 1460 2268 introduci

116 2289 355 2326 desideravit.
417 2290 504 2336 Qui,
525 2290 615 2340 quia
647 2296 761 2339 caput
796 2290 1029 2339 Spitamenis
1050 2298 1156 2330 veste
1186 2297 1330 2330 tectum
1349 2292 1457 2330 habe·

116 2353 193 2399 bat,
226 2357 437 2402 suspectus,
469 2353 728 2389 scrutantibus
762 2354 854 2403 qnid
889 2355 1091 2402 occuleret,
1126 2356 1305 2393 ostendit.
1365 2355 1445 2394 Con

116 2415 266 2453 suderat
287 2415 364 2453 oris
394 2416 594 2465 exsanguis
627 2421 736 2452 notas
771 2417 904 2466 pallor,
925 2431 995 2455 noc
1015 2418 1101 2468 quis
1122 2424 1224 2456 esset
1242 2418 1346 2456 nosci
1366 2417 1458 2454 satis

116 2484 274 2527 poterat.
348 2479 451 2528 111Ἑὺ
488 2479 571 2515 Rex
607 2480 746 2517 certior
779 2481 901 2517 sactus
936 2481 1139 2519 humanum
1173 2487 1287 2532 caput
1323 2481 1458 2518 afferre
