1583 2680
459 147 618 173 menn
653 147 724 172 v1.
763 145 870 172 cAr.
909 145 951 170 v.
1309 137 1379 173 119

33 240 70 279 ei
89 239 264 290 occurrit,
283 251 410 291 seque,
432 244 471 277 et
491 252 555 277 eos
582 239 649 291 qui
680 243 769 290 post
797 238 906 276 Darii
933 242 1096 276 mortem
1115 238 1377 290 profugerant,

33 303 199 353 dedens,
229 303 368 354 quibus
387 303 549 355 benigne
569 302 750 353 exceptis,
771 301 820 340 ad
838 301 1023 352 oppidum
1043 301 1170 340 Arvas
1189 303 1374 352 pervenit.

33 366 114 405 Hic
147 367 182 404 ei
217 365 400 405 Craterus
433 370 472 404 et
504 365 687 416 Erigyius
725 369 950 414 oeeurrunt;
994 365 1225 403 Praefectum
1254 365 1375 415 Tapy-

30 442 160 467 rorum
189 429 315 481 gentis
347 429 581 467 Phradatem
609 428 859 467 adduxerant.
917 427 996 465 Hic
1015 441 1164 479 quoque
1195 428 1234 465 in
1261 428 1374 465 fidem

29 497 218 543 receptus,
246 492 380 530 multis
415 491 591 542 exemplo
611 492 688 529 fuit
721 491 944 541 experiendi
971 491 1212 529 clementiam
1240 490 1371 541 Regis.

31 555 234 606 Satrapem
248 555 385 593 deinde
401 555 609 605 Hyreaniae
622 555 729 592 dedit
746 554 951 604 Menapim.
986 553 1094 592 Exul
1104 553 1177 602 hic,
1193 558 1374 604 regnante

32 617 152 666 Ocho,
173 618 222 656 ad
243 618 469 669 Philippum
489 623 724 669 pervenerat.
793 617 1033 668 Tapyrorum
1051 630 1202 669 quoque
1220 621 1372 669 gentem

30 681 220 719 Phradati
239 681 418 719 reddidit.

109 743 158 781 V.
195 745 252 782 10.
284 743 452 795 Jamque
487 744 575 782 Rex
605 743 741 782 ultima.
775 743 984 794 Hyrcaniae
1021 744 1243 791 intraverat,
1283 744 1372 781 cum

29 806 258 855 Artabazus,
280 807 408 858 (quem
442 807 561 845 Dario
594 807 859 845 fidelissimum
887 807 1005 845 fuisse
1035 807 1153 857 supra¹
1173 806 1370 856 diximus,)

27 883 114 907 cum
143 870 368 922 propinquis
399 870 520 919 Darii,
540 883 583 908 ac
613 870 693 908 suis
723 870 867 918 liberis,
888 869 1114 921 modicaque
1149 869 1370 908 Graecorum

26 932 195 970 militum
227 946 354 981 manu,
393 933 568 971 occurrit.
645 933 834 971 Dextram
872 933 1042 971 venienti
1079 932 1222 971 obtulit
1258 932 1369 971 Rex:

25 996 166 1046 quippe
186 1001 226 1034 et
245 996 382 1046 hospes
404 996 576 1046 Philippi
604 996 742 1044 fuerat,
771 997 872 1044 cum,
897 995 1005 1035 Ocho
1025 1001 1220 1046 regnante,
1241 995 1371 1034 exula-

24 1063 107 1108 ret;
139 1059 203 1096 ¹et
234 1059 394 1109 hospitii
425 1059 586 1110 pignora
618 1059 657 1096 in
685 1058 836 1110 Regem
865 1071 975 1096 suum
993 1058 1042 1096 ad
1070 1058 1250 1096 ultimum
1276 1059 1370 1097 fides

25 1127 248 1160 conservata
278 1122 464 1161 vincebat.
547 1121 719 1161 Comiter
755 1122 876 1173 igitur
912 1126 1109 1172 exceptus,
1150 1122 1250 1160 “Tu
1287 1122 1368 1173 qui-

25 1184 150 1233 dem‚’'
171 1185 308 1237 inquit,
328 1187 349 1206 “
366 1185 467 1234 Rex,
487 1188 675 1236 perpetua
694 1184 880 1223 felicitate
899 1185 1045 1223 floreas.
1114 1184 1199 1236 Ego
1219 1185 1369 1223 caeteris

24 1247 150 1297 laetus,
169 1248 242 1288 hoc
274 1262 350 1288 uno
383 1253 576 1300 torqueor,
606 1248 709 1300 qued
739 1249 931 1299 praeeipiti
963 1252 1159 1287 senectute
1192 1248 1260 1286 diu
1292 1248 1368 1286 frui

24 1314 93 1350 tua
111 1312 285 1352 bonitate
303 1326 379 1351 non
397 1312 579 1364 possim.’'
649 1311 954 1364 Nonagesimum
973 1316 1013 1350 et
1031 1312 1207 1364 quintum
1228 1325 1368 1349 annum

23 1375 168 1426 agebat.
225 1376 377 1415 Novem
403 1377 576 1426 juvenes,
597 1388 727 1414 omnes
759 1375 896 1414 eadem
924 1379 1047 1414 matre
1065 1375 1198 1427 geniti,
1218 1380 1367 1426 patrem

23 1439 314 1478 comitabantur.
374 1439 460 1478 Hos
490 1439 710 1478 Artabazus
744 1439 892 1478 dextrae
924 1439 1046 1490 Regis
1077 1439 1259 1490 admovit,
1286 1452 1365 1489 pre-

22 1507 131 1540 catus
150 1507 195 1540 ut
214 1503 363 1540 tamdiu
380 1503 554 1541 viverent
573 1496 691 1541 donec
710 1502 825 1541 utiles
845 1502 1071 1541 Alexandro
1091 1507 1228 1540 essent.
1278 1502 1367 1541 Rex

22 1565 186 1616 pedibus
218 1566 294 1604 iter
323 1565 549 1617 plerumque
578 1566 756 1604 faciebat.
833 1565 942 1603 Tunc
980 1565 1175 1603 admoveri
1214 1565 1289 1604 sibi
1327 1571 1366 1604 et

22 1629 218 1667 Artabazo
250 1642 367 1681 equos
398 1629 528 1679 jussit,
558 1642 616 1679 nc,
646 1624 728 1679 ipso
758 1628 999 1679 ingrediente
1034 1628 1209 1679 pedibus,
1249 1641 1365 1666 senex

22 1705 119 1744 equo
137 1692 224 1731 vehi
252 1692 504 1730 erubesceret.
561 1692 723 1740 Deinde,
739 1696 784 1730 ut
802 1696 927 1730 castra
945 1695 1036 1729 sunt
1053 1691 1191 1742 posita,
1209 1690 1364 1730 Graeeos

20 1767 118 1806 quos
147 1755 366 1794 Artabazus
384 1748 622 1803 adduxerat,
660 1755 862 1793 convocari
894 1754 1015 1805 jubet.
1090 1754 1148 1792 At
1183 1753 1253 1802 illi,
1290 1754 1365 1792 nisi

23 1818 324 1857 Lacedaemoniis
342 1830 493 1870 quoque
526 1823 565 1856 et
594 1817 871 1869 Sinopensibus
898 1817 994 1855 fides
1024 1816 1190 1865 daretur,
1210 1830 1362 1868 respon-

22 1881 126 1930 dent,
165 1894 205 1920 se
241 1881 336 1933 quid
372 1881 564 1932 agendum
600 1881 694 1932 ipsis
730 1881 830 1919 soret
867 1880 1156 1919 deliberaturos.
1226 1881 1363 1932 Legati

22 1949 132 1983 erant
163 1945 541 1983 Lacedaemoniorum
572 1944 684 1982 missi
713 1944 763 1982 ad
800 1943 973 1994 Darium,
1002 1956 1076 1994 quo
1104 1944 1216 1994 victo,
1247 1944 1363 1994 appli-

22 2011 181 2045 cuerant
199 2020 240 2046 se
260 2007 407 2046 Graecis
425 2006 598 2045 mercede
627 2006 731 2057 apud
761 2006 902 2045 Persas
935 2006 1202 2045 militantibus.
1260 2007 1361 2054 Rex,

22 2069 174 2108 omissis
205 2070 451 2121 sponsionum
494 2070 660 2121 fideique
695 2070 931 2121 pignoribus,
969 2070 1098 2108 venire
1136 2082 1200 2108 eos
1233 2070 1362 2120 jussit,

21 2134 226 2181 fortunam,
258 2146 372 2184 quam
401 2134 483 2184 ipse
517 2133 701 2181 dedisset,
734 2133 947 2171 habituros.
1019 2132 1098 2171 Diu
1126 2138 1360 2181 cunctantes,

22 2195 214 2247 plerisque
246 2195 406 2233 consilia
440 2196 689 2244 variantibus,
723 2195 880 2234 tandem
907 2200 1088 2234 venturos
1118 2209 1158 2234 se
1185 2196 1361 2247 pollicen-

23 2265 98 2297 tur.
155 2259 213 2296 At
246 2257 494 2296 Democrates
524 2259 788 2307 Atheniensis,
816 2259 884 2311 qui
914 2259 1078 2297 maxime
1109 2259 1361 2297 Macedonum

22 2322 160 2372 opibus
193 2334 338 2372 semper
365 2321 582 2370 obstiterat,
611 2323 725 2361 venia
757 2322 971 2372 desperata,
1006 2321 1136 2372 gladio
1168 2334 1208 2359 se
1242 2326 1362 2358 trans-

21 2384 117 2436 figit.
176 2384 329 2432 Caeteri,
351 2384 452 2422 sieut
483 2384 775 2433 constituerant,
806 2385 943 2423 ditioni
971 2384 1189 2423 Alexandri
1219 2383 1362 2433 seipsos

22 2447 253 2500 permittunt
270 2461 278 2485 τ
306 2447 412 2486 mille
431 2451 471 2486 et
500 2460 526 2486 n
553 2447 697 2486 milites
716 2452 833 2486 crant.
906 2447 1057 2486 Praeter
1076 2447 1156 2494 hos,
1177 2445 1293 2496 legati
1313 2444 1361 2483 ad
