1583 2680
116 123 165 158 26
583 133 765 165 QUIN-ri
805 131 987 157 <suurn

113 224 231 262 deret.
289 224 365 264 Sed
383 224 467 276 quis
498 229 564 274 aut
595 225 635 262 in
655 224 815 262 victoria
843 227 908 261 aut
936 222 976 260 in
1003 223 1094 274 fuga
1113 223 1238 274 copias
1255 223 1458 262 numerat?

112 287 341 338 Agebantur
369 301 457 340 ergo
477 301 499 325 a
518 292 599 325 tam
623 287 752 338 paucis
780 299 957 337 pecorum
984 285 1118 336 mod0;
1149 291 1188 324 et
1207 286 1307 325 idem
1332 292 1457 325 metus

112 350 176 400 qui
195 350 351 402 cogebat
368 351 502 402 fugere
533 351 725 401 fugientes
743 349 973 387 morabatur.

191 416 252 452 28.
282 414 340 451 At
359 413 484 452 Graeci
501 413 567 465 qui
586 413 625 450 in
643 412 755 451 Darii
771 412 945 463 partibus
972 416 1156 451 steterant
1174 412 1345 464 Amynta
1365 413 1456 451 duce

113 475 272 525 (praetor
299 476 361 514 hic
381 476 594 514 Alexandri
614 475 701 524 fuit,
719 488 817 513 nunc
844 475 1058 527 transfuga)
1079 475 1234 526 abrupti
1253 490 1275 514 a
1294 477 1458 524 eaeteris,

115 538 251 576 luhaud
286 539 375 577 sane
413 539 650 590 fugientibus
686 538 828 577 similes
864 543 1071 577 evaserant.
1146 539 1312 578 Barbari
1342 540 1456 591 longe

111 602 300 640 diversam
318 602 446 653 fugam
465 601 710 640 intenderunt
727 614 736 640 :
765 602 831 640 alii
850 603 926 653 qna
943 606 1090 640 rectum
1109 602 1182 640 iter
1200 602 1240 640 in
1259 602 1457 641 Persidem

113 664 298 703 ducebat:
327 665 479 716 quidam
511 666 671 703 circuitu
699 679 825 716 rupes,
857 666 1048 718 saltusque
1075 666 1261 704 montium
1290 666 1458 704 occultos

109 727 291 776 petivere,
326 728 438 778 pauci
474 732 598 766 eastra
634 728 755 767 Darii.
827 729 904 768 Sed
936 730 1017 779 jam
1052 729 1121 767 illa
1151 742 1297 781 quoque
1337 729 1458 770 victor

111 791 332 839 intraverat,
354 792 454 829 omni
481 792 636 843 quidem
665 792 856 843 opulentia
885 792 992 831 ditia.
1048 792 1190 844 Ingens
1218 793 1301 831 auri
1330 806 1457 844 argen-

110 853 214 903 tique
243 854 401 904 pondus,
431 867 507 893 non
535 855 638 904 belli,
670 855 738 893 sed
767 855 934 894 luxuriae
965 860 1190 906 apparatum
1222 855 1458 906 diripuerant

109 917 262 955 milites.
321 917 496 969 Cumque
527 918 616 970 plus
651 923 843 970 raperent,
863 919 1007 970 passim
1034 923 1158 957 strata
1184 923 1292 957 erant
1318 919 1459 957 itinera.

109 980 307 1019 vilioribus
344 982 514 1030 sarcinis,
546 995 641 1033 quas
677 982 717 1020 in
753 982 1034 1032 comparatione
1061 982 1261 1020 meliorum
1297 983 1459 1021 avaritia

108 1048 396 1094 contempserat.
454 1045 621 1096 Jamque
653 1045 702 1082 ad
733 1045 908 1083 foeminas
935 1050 1158 1095 perventum
1185 1050 1279 1093 crat,
1306 1045 1456 1096 quibus,

107 1107 180 1157 quo
214 1107 361 1145 cariora
396 1112 616 1145 ornamenta
647 1112 761 1156 sunt,
799 1107 1007 1146 violentius
1049 1108 1367 1158 detrahebantur,
1410 1122 1458 1147 110

108 1170 328 1220 corporibus
363 1170 515 1221 quidem
550 1171 623 1219 vis,
662 1183 704 1208 ae
732 1170 854 1210 libido
884 1171 1074 1221 parcebat.
1134 1171 1274 1211 Omnia
1301 1171 1458 1222 planctu

110 1233 364 1284 tumultuque,
383 1238 496 1283 prout
515 1234 648 1285 cuique
666 1235 820 1273 fortuna
839 1239 935 1283 erat,
964 1234 1227 1285 repleverant:
1256 1235 1282 1253 ²⁰
1292 1248 1360 1273 1100
1377 1235 1459 1273 ulla

107 1295 223 1334 facies
241 1297 334 1334 mali
364 1297 514 1347 deerat;
544 1299 634 1335 cum
649 1311 719 1346 per
738 1310 867 1336 omnes
895 1297 1046 1336 ordines
1077 1302 1284 1350 aetatesque
1303 1298 1458 1337 victoris

107 1359 316 1397 crudelitas
352 1373 396 1398 ac
431 1360 587 1399 licentia
630 1366 844 1413 vagaretur.
917 1362 942 1380 ²¹
959 1361 1067 1399 Tunc
1100 1363 1191 1400 vero
1237 1361 1458 1412 impotentis

107 1422 270 1461 fortunae
290 1424 434 1474 species
466 1424 633 1474 conspici
665 1424 805 1475 potuit,
822 1426 912 1462 eum
931 1425 972 1474 ii,
991 1425 1058 1476 qui
1090 1429 1171 1462 tum
1198 1424 1316 1463 Dario
1336 1425 1457 1463 taber-

106 1486 286 1524 naculum
318 1492 608 1536 exornaverant,
646 1488 746 1526 omni
784 1488 879 1526 luxu
914 1493 952 1526 et
988 1488 1182 1539 opulentia
1217 1488 1457 1534 instructum,

106 1549 236 1586 eadem
251 1549 320 1587 illa
338 1550 572 1600 Alexandro,
591 1551 702 1603 quasi
720 1552 840 1590 veteri
861 1551 1027 1601 domino,
1047 1551 1301 1591 reservabant.
1342 1551 1380 1590 N
1383 1565 1457 1590 am-

106 1625 179 1662 que
198 1612 239 1650 id
258 1613 381 1651 solum
409 1614 595 1652 intactum
614 1615 819 1652 omiserant
845 1615 1012 1666 milites3
1041 1615 1100 1653 ita
1118 1615 1260 1654 tradito
1279 1629 1394 1664 more,
1415 1620 1458 1654 ut

107 1675 291 1714 victorem
310 1677 408 1715 victi
425 1678 549 1729 Regis
568 1678 810 1717 tabernaculo
829 1679 1053 1730 exciperent.

187 1741 248 1778 29.
279 1739 357 1779 Sed
384 1741 552 1779 omnium
580 1741 710 1780 oculos
738 1742 956 1794 animosque
973 1743 1014 1780 in
1034 1747 1154 1781 semet
1181 1747 1457 1790 converterant,

108 1803 258 1853 captiva
275 1808 399 1842 mater
415 1805 625 1855 conjuxque
640 1805 760 1844 Darii.
818 1805 906 1854 Illa,
925 1818 1000 1844 non
1018 1807 1219 1856 majestate
1238 1805 1374 1855 solum,
1391 1806 1458 1844 sed

107 1866 225 1904 etiam
252 1871 366 1905 aetate
384 1867 638 1918 venerabilis3
668 1868 760 1917 haec,
790 1869 966 1908 ⁹²formae
996 1869 1292 1920 pulchritudine,
1312 1883 1359 1907 ne
1387 1871 1458 1908 illa

107 1930 261 1981 quidem
289 1934 389 1968 sorte
424 1933 614 1981 corrupta.
670 1932 882 1983 Acceperat
911 1933 950 1970 in
980 1933 1105 1970 sinum
1132 1933 1264 1982 filium,
1293 1933 1458 1971 nondum

109 1999 258 2031 sextum
278 1994 404 2033 aetatis
432 2007 570 2032 annum
598 2007 803 2046 egressum,
822 1995 863 2033 in
891 2008 995 2047 spem
1015 2000 1133 2035 tantae
1151 1996 1326 2046 fortunae,
1344 2011 1458 2048 quan-

111 2062 190 2094 tam
209 2057 320 2108 paulO
340 2059 429 2095 ante
449 2063 558 2108 pater
590 2060 674 2108 ejus
703 2059 896 2109 amiserat,
924 2059 1105 2111 genitum.
1161 2060 1218 2098 At
1245 2061 1284 2098 in
1311 2061 1458 2113 gremio

108 2123 206 2158 anus
241 2121 338 2159 aviae
362 2121 540 2171 jacebant
575 2121 719 2161 adultae
755 2123 920 2175 virgines
956 2124 1054 2173 duae,
1087 2137 1162 2162 non
1199 2137 1265 2162 suo
1294 2126 1457 2173 tantum,

110 2183 176 2221 sed
197 2183 300 2221 illius
320 2185 436 2222 etiam
454 2197 614 2223 moerore
633 2186 823 2225 0011100110.
893 2186 1035 2238 Ingens
1054 2187 1154 2225 cirea
1173 2201 1255 2225 eam
1273 2188 1458 2226 nobilium

109 2247 347 2285 foeminarum
367 2248 480 2286 turba
511 2249 752 2298 constiterat,
782 2249 1001 2288 ”laceratis
1021 2251 1199 2300 crinibus,
1219 2252 1458 2303 abscissaque

110 2317 227 2360 veste,
272 2311 427 2363 pristini
474 2312 620 2351 decoris
672 2313 921 2363 immemores,
969 2314 1152 2367 Reginus,
1201 2315 1456 2367 dominasque,

111 2374 256 2414 ²⁸vcriS
288 2375 488 2426 quondam,
527 2381 617 2414 tunc
649 2377 785 2415 alienis
815 2377 1030 2416 nominibus
1070 2379 1301 2418 invocantes.
1372 2378 1459 2417 11110

113 2452 192 2478 sum
223 2438 455 2477 calamitatis
484 2439 626 2489 oblitaz,
646 2445 733 2479 utro
761 2454 877 2479 cornu
905 2441 1045 2480 Darius
1074 2443 1254 2491 stetisset,
1274 2455 1359 2494 qua>
1386 2442 1457 2480 for-
