1583 2680
134 104 205 140 104
597 114 779 145 QUINTI
817 116 1001 141 cun‘rn

127 211 278 257 statue3
308 220 377 246 nos
408 207 578 258 corporis
599 207 656 245 tui
687 207 864 246 custodes
895 220 978 245 esse
1004 208 1174 259 patiaris.
1260 207 1473 248 Omisimus

127 270 338 310 Graeciam:
366 270 472 308 nulla.
490 270 631 308 Bactra
651 275 739 308 sunt
757 270 878 309 nobis.
937 270 1032 321 Spes
1051 271 1174 308 omnis
1192 271 1232 308 in
1250 275 1302 320 te,
1320 272 1473 310 utinam

126 338 165 372 et
183 334 221 371 in
240 334 390 372 caeteris
409 333 532 372 esset!
599 334 719 371 Plura
738 333 816 371 dici
842 347 918 371 non
945 334 1095 372 attinet.
1154 333 1377 373 Custodiam
1396 348 1474 373 eor-

125 397 228 447 poris
248 398 306 435 tui
335 402 514 435 externus
545 402 584 434 et
613 397 823 448 alienigena
851 410 927 435 non
953 397 1203 447 deposcerem,
1224 397 1258 435 si
1285 398 1472 436 crederem

125 460 243 498 alium
261 473 371 510 posse
390 461 402 478 ³
414 460 634 510 praestare.⁷'

207 525 267 562 30.
296 524 440 561 Bessus
458 537 671 574 quanquam
690 528 772 561 erat
798 522 925 562 Graeci
953 523 1140 561 sermonis
1157 523 1328 574 ignarus,
1348 528 1477 562 tamen

126 587 346 624 stimulante
378 587 623 635 conscientia,
653 586 838 624 indicium
866 587 1037 637 profecto
1066 586 1274 625 Patronem
1293 587 1476 625 detulisse

125 649 302 688 credebat
319 663 327 687 :
350 655 400 698 et,
422 651 434 668 ⁴
451 649 671 700 interpretis
691 648 818 688 Graeci
833 649 952 687 relato
971 662 1152 697 sermone,
1173 655 1351 700 exempta
1371 650 1476 688 dubi-

125 713 222 750 tatio
241 718 310 752 cst.
367 713 509 750 Darius
528 717 668 761 autem,
688 714 880 764 quantum
899 726 948 750 ex
975 713 1086 750 vultu
1114 713 1282 762 conspici
1313 718 1476 762 poterat,

123 776 224 813 haud
243 778 332 813 sane
354 776 526 823 territus,
545 775 785 825 percunctari
803 775 974 813 Patrona
1006 788 1158 812 causam
1186 775 1348 824 consilii,
1376 776 1478 826 quod

123 839 286 886 afferret,
306 838 430 888 coepit.
500 837 576 875 Ille
600 851 675 875 non
701 837 805 875 ultra
834 837 1080 875 differendum
1110 843 1229 887 ratus,
1259 838 1477 887 “Bessus‚’'

122 901 257 952 inquit,
278 905 300 922 “
316 906 354 938 et
374 901 617 939 Nabarzanes
636 900 865 939 insidiantur
883 901 978 951 tibi3
1011 901 1023 918 ⁵
1038 901 1078 938 in
1096 901 1233 940 ultimo
1261 901 1478 941 discrimine

122 978 161 1002 es
179 966 342 1004 fortunae
361 970 400 1003 et
418 965 519 1004 vitae.
603 964 682 1002 Hie
700 964 782 1002 dies
810 969 878 1003 aut
905 965 1121 1016 parricidis,
1142 970 1207 1003 aut
1225 965 1299 1003 tibi
1324 966 1478 1004 futurus

123 1029 320 1067 ultimus.⁷'
404 1029 459 1067 Et
478 1029 624 1066 Patron
642 1028 796 1079 quidem
815 1029 1007 1080 egregiam
1025 1029 1241 1067 conservati
1259 1029 1380 1080 Regis
1397 1029 1476 1080 glo-

124 1093 219 1130 riam
237 1092 412 1131 ⁶tulerat.
496 1093 507 1110 ⁷
524 1091 700 1129 Eludant
727 1091 820 1129 licet
849 1092 988 1142 quibus
1015 1092 1116 1129 forte
1143 1093 1286 1129 temere
1312 1091 1478 1130 humana.

123 1155 274 1206 negotia
291 1155 397 1193 volvi
416 1155 553 1206 agique
571 1167 796 1205 persuasum
825 1160 908 1193 est:
938 1154 950 1172 Β
965 1154 1139 1206 equidem
1165 1158 1310 1193 aeterna
1339 1156 1475 1193 consti-

124 1219 268 1256 tutione
287 1218 513 1257 crediderim
530 1231 705 1269 nexuque
733 1231 928 1256 causarum
945 1218 1159 1266 latentium,
1180 1222 1219 1256 et
1236 1217 1357 1256 multo
1387 1221 1474 1256 ante

124 1281 411 1329 destinatarum,
433 1294 544 1319 suum
563 1294 748 1332 quemque
767 1280 940 1318 ordinem
967 1281 1198 1319 immutabili
1225 1281 1309 1332 lege
1328 1295 1475 1332 percur-

123 1358 215 1383 rere.
297 1344 439 1382 Darius
468 1346 573 1382 certe
602 1343 823 1394 respondit3
856 1343 1120 1395 “Quanquam
1151 1343 1224 1382 sibi
1257 1343 1476 1383 Graecorum

122 1409 288 1446 militum
315 1407 411 1445 fides
439 1412 531 1445 nota
561 1407 624 1455 sit,
656 1409 853 1458 nimquam
885 1411 1015 1445 tamen
1051 1420 1074 1444 a
1110 1407 1358 1458 popularibus
1396 1408 1475 1446 suis

123 1485 365 1510 recessurum.
442 1470 647 1508 Difficilius
667 1470 742 1508 sibi
762 1482 844 1508 esse
859 1469 1048 1518 damnare,
1064 1471 1181 1521 quam
1200 1469 1348 1520 decipi;
1369 1471 1475 1522 quid-

121 1535 215 1587 quid
235 1548 318 1573 sors
337 1533 500 1582 tulisset,
520 1534 622 1571 inter
651 1546 740 1571 suos
767 1533 916 1584 perpeti
945 1533 1060 1571 malle
1090 1534 1206 1584 quam
1238 1534 1476 1586 transfugam

121 1599 222 1637 fieri:
252 1600 334 1636 sero
354 1611 393 1635 se
411 1597 548 1648 perire,
569 1597 603 1634 si
622 1597 768 1636 salvum
788 1609 869 1635 esse
899 1597 958 1635 sui
986 1597 1128 1635 milites
1155 1597 1338 1636 nollent.'’
1400 1598 1474 1636 Pa-

122 1668 207 1699 tron
237 1662 438 1712 desperata
469 1661 592 1698 salute
622 1660 755 1711 Regis,
785 1660 834 1698 ad
864 1673 940 1710 cOS,
959 1660 1098 1712 quibus
1127 1666 1302 1711 praeerat,
1331 1661 1471 1711 rediit3

122 1726 242 1764 onmia
265 1727 276 1744 ⁰
292 1738 359 1776 pro
378 1725 451 1762 fide
470 1724 636 1774 experiri
656 1729 822 1774 paratus.

201 1789 301 1827 XII.
333 1791 394 1826 31.
423 1788 481 1825 At
510 1787 656 1825 Bessus
685 1787 880 1825 occidendi
910 1787 1087 1837 protinus
1116 1786 1238 1838 Regis
1269 1786 1474 1837 ¹impetrun

123 1856 353 1903 conceperat.
411 1850 487 1890 Sed
504 1850 658 1898 veritus,
676 1863 724 1887 no
751 1850 916 1901 gratiam
935 1849 1160 1898 Alexandri,
1179 1852 1220 1886 ni
1241 1849 1371 1888 vivum
1388 1864 1473 1889 eum

123 1915 358 1963 tradidisset,
378 1915 474 1952 inire
491 1927 567 1952 non
585 1918 725 1964 posset,
741 1913 860 1951 dilato
876 1913 915 1950 in
930 1913 1141 1963 proximam
1156 1918 1305 1950 noctem
1321 1914 1474 1952 sceleris

123 1979 290 2028 consilio,
311 1991 423 2030 agere
451 1977 596 2029 gratias
620 1976 767 2027 incipit,
801 1975 902 2027 quod
930 1976 1091 2026 ²perfidi
1120 1976 1283 2014 hominis
1303 1977 1473 2025 iusidias,

129 2044 209 2093 jani
235 2041 448 2080 Alexandri
477 2054 566 2091 opes
599 2039 818 2091 spectantis,
838 2039 1044 2090 prudenter
1073 2040 1259 2091 cauteque
1288 2041 1472 2080 vitasset:

124 2106 264 2144 donum
297 2118 383 2142 eum
415 2104 515 2142 hosti
545 2104 713 2142 laturum
744 2103 863 2141 fuisse
894 2103 1014 2154 Regis
1047 2108 1184 2154 caput3
1230 2117 1298 2142 nec
1329 2105 1473 2152 mirari,

125 2169 311 2206 hominem
330 2167 501 2205 mercede
521 2167 747 2205 conductum
766 2167 891 2205 omnia
919 2167 1056 2205 habere
1085 2167 1257 2217 venalia;
1289 2168 1369 2206 sine
1395 2168 1473 2220 pig-

124 2245 226 2280 nore,
245 2231 350 2268 “sine
380 2230 472 2278 lare,
503 2236 692 2268 terrarum
724 2229 826 2267 orbis
857 2230 1037 2278 exsulem,
1059 2230 1288 2281 ⁴aucipitcm
1316 2230 1473 2279 hostem,

127 2297 139 2314 ⁶
153 2296 351 2338 adnutum
370 2294 566 2331 licentium
585 2293 829 2331 circumferri.
879 2294 1069 2345 Purganti
1084 2294 1221 2332 deinde-
1239 2307 1279 2332 se
1299 2294 1473 2346 Deosque

129 2359 271 2410 patrios
289 2363 409 2396 testes
436 2357 524 2395 fidei
556 2371 633 2395 sua>
653 2356 852 2404 invocanti,
870 2357 1010 2394 Darius
1041 2357 1150 2395 vultu
1182 2357 1472 2405 assentiebatur,

127 2423 227 2460 haud
248 2421 385 2460 dubius
414 2421 504 2471 quin
525 2434 613 2459 vcra
645 2420 880 2458 deferrentur
911 2435 930 2457 a
964 2421 1133 2460 (zi-cecis:
1163 2421 1229 2459 scd
1248 2421 1319 2459 “co
1348 2434 1471 2459 rerum
