1583 2680
150 138 201 175 93
615 150 804 180 QUINTI
837 151 1021 176 cun'rn

148 241 226 279 fuit
254 241 439 289 ⁰avidi0r,
471 242 586 293 quam
615 243 846 293 patientior:
893 243 942 264 ⁷“
960 242 1061 289 Quin
1110 245 1229 295 igitur
1268 243 1488 281 ulciscimur

150 304 350 353 Graeeiam,
390 310 428 342 et
465 305 553 343 urbi
590 306 691 343 faces
720 305 917 344 subdimus
931 306 948 343 ?
962 308 981 326 '’
1059 307 1201 347 Omnes
1247 307 1484 345 incaluerant

148 381 261 405 mero.
320 368 459 418 Itaque
480 373 642 419 surgunt
661 368 862 406 temulenti
882 369 931 406 ad
965 370 1242 408 incendendam
1259 371 1404 418 urbem,
1426 369 1485 406 cui

148 431 283 468 armati
302 436 561 481 pepercerant.
621 431 774 469 Primus
795 432 883 469 Rex
903 432 1031 483 ignem
1050 433 1166 485 regiae
1185 434 1328 483 injecit.
1387 433 1487 470 Tum

148 494 316 532 convivae
353 500 392 532 et
438 495 618 542 ministri,
657 494 897 546 pellicesque.
973 495 1102 533 Multa
1148 496 1260 534 cedro
1298 496 1485 534 aedificat-‘1

148 562 231 594 erat
250 557 363 608 regia,
384 571 469 608 quae
501 557 674 595 celeriter
703 558 791 608 igne
819 563 1000 608 concepto
1028 559 1107 596 late
1135 559 1239 597 fudit
1257 558 1484 596 incendium.

148 617 260 664 Quod
279 619 346 657 ubi
377 620 580 667 exercitus,
600 620 667 671 qui
696 620 799 658 haud
826 621 961 671 procul
981 621 1027 659 ab
1047 622 1143 660 urbe
1161 621 1173 639 ⁸
1189 622 1382 668 tendebat,
1403 634 1485 658 con-

147 683 283 731 spexit,
305 683 509 720 fortuitum
530 689 648 730 ratus,
670 684 718 720 ad
737 696 847 734 opem
874 685 1070 722 ferendam
1090 685 1290 722 concurrit.
1349 684 1423 723 Sed
1442 688 1486 721 ut

146 744 193 781 ad
214 745 447 783 vestibulum
476 746 594 796 regiae
612 751 772 783 ventum
793 751 861 794 est,
882 747 1015 784 vident
1036 747 1184 797 Regem
1214 748 1341 797 ipsum
1361 747 1485 784 adhuc

145 812 387 857 aggerentem
419 808 530 845 faces.
594 807 751 846 Omissa
785 809 914 859 igitur,
943 823 1058 860 quam
1090 815 1346 860 portaverant,
1373 812 1482 861 aqu-21,

145 870 290 907 aridam
309 870 510 907 materiam
530 870 570 907 in
589 870 807 908 incendium
822 873 949 921 jacere
965 877 1170 922 coeperunt.

223 935 283 970 ⁶23.
314 933 430 970 Hunc
459 932 604 970 exitum
632 932 768 971 habuit
794 934 898 985 regia
927 935 1049 973 totius
1082 935 1266 984 Orientis,
1295 935 1398 973 unde
1427 939 1486 973 tot

143 1000 274 1046 gentes
289 996 401 1033 antea
417 996 508 1045 jura
525 995 703 1046 petebant
720 1009 728 1034 ε
748 997 874 1046 patria
887 1001 945 1034 tot
963 997 1126 1049 Regum,
1146 998 1279 1036 unicus
1297 997 1484 1049 quondam

145 1058 304 1098 Graeeiae
322 1063 459 1106 terror,
478 1058 614 1096 molita
632 1059 739 1096 mille
757 1060 912 1097 navium
931 1060 1100 1109 classem,
1121 1065 1159 1098 et
1185 1061 1386 1110 exercitus,
1405 1061 1485 1112 qui-

144 1121 216 1159 bus
236 1121 392 1172 Europa
417 1121 600 1159 inundata
619 1125 700 1170 est-3
731 1122 743 1139 ⁹
757 1122 998 1160 contabulato
1016 1123 1113 1161 mari
1139 1123 1315 1172 molibus,
1345 1125 1484 1174 perfos-

144 1184 270 1235 sisque
287 1183 491 1233 montibus‚
512 1184 551 1221 in
570 1197 731 1235 quorum
750 1197 884 1235 specus
902 1185 1045 1223 fretum
1072 1186 1283 1224 immissum
1302 1191 1370 1225 est.
1425 1187 1485 1225 Ac

142 1260 188 1285 nc
208 1252 287 1284 tam
304 1247 419 1298 longa
437 1247 590 1298 quidem
608 1251 733 1296 aetate,
753 1260 838 1298 quae
865 1248 1055 1286 excidium
1083 1250 1164 1299 ejus
1184 1254 1315 1287 secuta
1341 1254 1411 1299 est,
1431 1263 1485 1288 re-

142 1310 317 1348 surrexit.
374 1309 485 1347 Alias
503 1309 617 1348 urbes
635 1309 803 1348 habuere
823 1310 1078 1349 Macedonum
1106 1312 1246 1363 Reges,
1266 1325 1360 1363 quas
1387 1326 1486 1350 nunc

141 1373 282 1411 habent
300 1372 438 1410 Parthi
454 1385 462 1410 :
494 1373 518 1390 ¹⁰
531 1372 645 1422 hujus
665 1372 868 1423 vestigium
886 1386 961 1410 non
978 1373 1227 1422 inveniretur,
1246 1375 1319 1412 nisi
1334 1376 1484 1413 Araxes

142 1437 262 1473 amnis
281 1435 507 1473 ostenderet.
591 1435 710 1473 Haud
738 1435 871 1486 procul
898 1437 1084 1475 moenibus
1101 1437 1287 1476 fluxerat:
1316 1438 1405 1475 inde
1425 1452 1485 1476 ur-

141 1499 228 1538 bem
251 1499 370 1536 fuisse
401 1511 453 1535 xx
481 1498 618 1536 stadiis
647 1498 853 1536 distantem
880 1499 1038 1537 credunt
1063 1500 1196 1551 magis,
1216 1502 1333 1551 quam
1360 1501 1487 1538 sciunt

142 1562 287 1600 accolae.
343 1561 522 1600 Pudebat
541 1560 770 1599 Macedones
790 1565 868 1598 tam
886 1562 1110 1612 praeclaram
1136 1563 1272 1601 urbem
1299 1576 1322 1600 a
1348 1576 1486 1601 comes-

142 1625 313 1663 sabundo
333 1625 442 1676 Rege
462 1625 626 1662 deletam
646 1637 738 1663 esse.
796 1625 819 1642 ¹²
835 1624 973 1676 Itaque
992 1638 1053 1664 res
1071 1625 1111 1663 in
1129 1625 1270 1664 serium
1288 1639 1398 1665 versa
1417 1632 1486 1675 cst,

141 1693 179 1726 et
197 1688 479 1739 imperaverunt
497 1687 582 1736 sibi,
601 1691 646 1725 ut
664 1686 862 1725 crederent
880 1688 948 1726 illo
966 1688 1211 1738 potissimum
1238 1689 1348 1727 modo
1366 1689 1486 1727 fuisse

143 1751 351 1790 delendam.
433 1750 580 1802 Ipsum,
611 1754 656 1788 ut
685 1750 848 1800 primum
875 1755 1072 1802 gravatam
1105 1751 1289 1790 ebrietate
1320 1757 1485 1790 mentem

141 1815 248 1864 quies
277 1813 456 1861 reddidit,
475 1812 698 1863 poenituisse
717 1816 876 1861 constat,
897 1817 935 1850 et
962 1813 1115 1862 dixisse,
1136 1814 1159 1831 ²⁹
1172 1815 1336 1863 majores
1355 1828 1486 1864 poenas

143 1877 280 1914 Persas
300 1875 445 1915 Graecis
461 1876 616 1913 daturos
630 1874 761 1922 fuisso,
782 1874 814 1912 si
834 1875 958 1925 ipsum
969 1875 1010 1912 in
1025 1875 1132 1924 solio,
1147 1876 1328 1927 regizique
1342 1877 1487 1916 Xerxis

143 1939 360 1989 conspicere
380 1937 500 1976 coacti
520 1942 658 1975 essent.
714 1936 875 1975 Postero
895 1937 967 1986 die,
989 1937 1119 1988 Lycio,
1136 1938 1284 1976 itineris
1302 1952 1377 1990 quo
1397 1940 1487 1978 Per-

143 2000 263 2037 sidem
282 2001 492 2039 intraverat
511 1999 610 2048 duci,
630 1998 800 2050 trigenta
818 1999 965 2036 talenta
992 1999 1089 2038 dono
1118 2000 1234 2038 dedit.
1316 2001 1420 2039 Hinc
1448 2002 1486 2039 in

144 2064 334 2114 regionem
355 2063 498 2101 Media>
525 2062 695 2110 transiit,
715 2062 782 2100 ubi
801 2062 1102 2112 supplementum
1120 2076 1303 2102 novorum
1321 2064 1488 2102 militum

144 2140 164 2164 c
196 2126 332 2165 Cilicia
367 2126 540 2164 occurrit.
623 2126 805 2164 Peditum
836 2130 943 2162 erant
975 2126 1139 2177 quinque
1171 2126 1302 2175 millia,
1341 2127 1488 2179 equites

144 2188 249 2226 mille
265 2202 273 2226 :
302 2188 475 2238 utrisque
494 2188 609 2226 Plato
629 2187 874 2227 Atheniensis
889 2194 1061 2238 praeerat.
1120 2190 1196 2227 His
1210 2191 1326 2241 copiis
1341 2194 1488 2238 auctus,

145 2251 303 2289 Darium
318 2251 494 2302 persequi
515 2252 661 2290 statuit.

225 2313 348 2352 VIII.
379 2316 439 2352 24.
472 2314 576 2352 ¹Ille
602 2316 682 2363 jam
702 2314 899 2352 Ecbatana
928 2321 1162 2365 pervenerat.
1182 2321 1298 2366 caput
1335 2315 1486 2354 Media).

147 2376 289 2415 Urbem
307 2376 402 2414 hanc
419 2389 518 2414 nunc
546 2381 676 2414 tenent
705 2377 863 2415 Parthi:
894 2391 1010 2429 eaque
1041 2379 1175 2417 mstiva
1203 2378 1356 2430 regibus
1382 2377 1490 2416 sedes

148 2444 216 2478 est.
274 2438 395 2478 Adire
415 2439 550 2477 deinde
569 2439 711 2478 Baetra
732 2440 945 2479 decreverat
965 2453 971 2478 :
1003 2441 1069 2479 sed
1097 2441 1242 2480 veritus
1261 2454 1308 2479 ne
1335 2441 1347 2458 ²
1363 2439 1488 2478 celeri·
