1583 2680
165 169 215 205 20
629 179 812 211 QUINTI
851 177 1035 204 etiarn

166 274 365 322 majorum,
387 272 454 323 qui
480 272 679 310 universas
697 272 799 310 vires
829 284 976 321 semper
995 269 1209 307 discrimini
1235 270 1424 309 bellorum
1444 270 1504 308 ob-

166 336 344 374 tulerant.
403 335 458 373 Et
476 335 629 373 hercule
645 334 856 373 terribilem
872 338 985 371 antea
1000 333 1146 383 Regem
1162 338 1201 371 et
1220 335 1232 352 ⁷
1247 334 1420 372 absentia
1437 339 1503 371 sua

167 399 214 436 ad
242 412 378 437 vanam
404 398 581 436 fiduciam
612 397 768 445 elatum,
788 401 990 448 postquam
1023 396 1229 435 adventare
1260 410 1299 434 se
1332 397 1503 444 senserit,

168 467 321 499 cautum
341 474 409 512 pro
428 461 627 499 temerario
647 461 804 508 factum,
821 459 1019 498 delituisse
1039 460 1140 498 inter
1155 461 1347 510 angustias
1369 460 1505 510 saltus,

167 526 246 562 ritu
265 525 489 575 ignobilium
507 525 686 572 ferarum,
707 537 793 574 quae
822 524 988 574 strepitu
1014 524 1331 573 praetereuntium
1360 523 1506 570 audito,

168 588 361 638 sylvarum
388 587 546 626 latebris
567 599 607 624 se
634 586 895 624 occuluerunt.
954 586 983 624 J
986 600 1046 624 am
1073 587 1188 624 etiam
1206 586 1440 625 valetudinis
1461 585 1507 623 si-

167 651 374 688 mulatione
401 650 582 688 frustrari
602 662 690 687 suos
709 649 864 698 milites,
885 649 953 687 sed
979 663 1056 687 non
1083 649 1251 700 amplius
1279 649 1405 699 ipsum
1427 661 1508 686 esse

167 727 367 765 passurum
388 713 602 751 detrectare
622 717 825 750 certamen.
884 712 932 750 In
953 712 1021 750 illo
1042 726 1169 763 specu,
1186 713 1226 750 in
1245 726 1358 764 quem
1377 711 1508 762 pavidi

168 777 424 825 recessissent,
446 789 717 827 oppressurum
737 789 819 814 esse
840 777 1099 814 cunctantes.’'
1157 776 1254 814 Haec
1270 776 1507 826 magnificen-

169 841 248 877 tius
265 842 420 890 jactata,
434 841 551 891 quam
569 839 715 878 verius.

253 906 309 941 19.
343 903 540 942 Caetoram
567 903 731 953 pecunia
760 904 874 951 omni,
894 903 1084 954 rebusque
1112 902 1413 953 pretiosissimis,
1434 902 1509 940 Da-

168 980 336 1005 mascum
357 967 481 1017 Syriae
501 979 586 1004 cum
609 967 757 1004 modico
785 967 967 1016 praesidio
986 966 1155 1004 militum
1183 966 1324 1014 missis,
1343 965 1511 1017 reliquas

169 1031 297 1081 copias
326 1031 365 1068 in
395 1029 571 1068 Ciliciam
599 1029 724 1077 duxit,
754 1030 1047 1080 insequentibus
1080 1042 1184 1067 more
1218 1030 1342 1080 patrio
1376 1042 1510 1080 agmen

169 1096 328 1144 conjuge
349 1098 388 1131 et
406 1097 539 1131 matre.
598 1092 783 1143 Virgines
813 1105 962 1144 quoque
993 1106 1080 1130 cum
1109 1105 1227 1143 parvo
1247 1093 1326 1131 filio
1358 1093 1512 1131 comita-

170 1158 310 1196 bantur
329 1161 486 1207 patrem.
545 1156 557 1173 ⁵
571 1156 688 1194 Forte
710 1156 846 1194 eadem
864 1161 975 1194 nocte
996 1161 1036 1194 et
1056 1156 1280 1195 Alexander
1300 1157 1349 1195 ad
1368 1158 1510 1204 fauces,

170 1221 307 1272 quibus
329 1220 442 1270 Syria
461 1219 600 1268 aditur,
618 1224 656 1257 et
676 1220 819 1258 Darius
838 1220 886 1257 ad
902 1233 988 1258 eum
1006 1220 1143 1268 locum,
1159 1234 1272 1273 quem
1288 1221 1513 1259 Amanicas

172 1284 302 1334 Pylas
331 1288 480 1332 vocant,
501 1283 685 1333 pervenit.
747 1283 830 1321 Nec
865 1283 1091 1322 dubitavere
1126 1285 1269 1333 Persae,
1299 1286 1393 1336 quin
1425 1285 1512 1323 Isso

169 1348 316 1395 relicta,
336 1360 450 1398 quam
470 1351 654 1396 ceperant,
674 1346 905 1385 Macedones
924 1347 1110 1397 fugerent.
1171 1347 1273 1385 Nam
1293 1348 1408 1386 etiam
1428 1361 1513 1386 sau-

171 1411 221 1448 cii
239 1410 395 1462 quidam
415 1415 454 1447 et
473 1409 644 1457 invalidi,
664 1409 731 1460 qui
760 1423 895 1460 agmen
925 1423 1000 1448 non
1033 1415 1211 1460 poterant
1241 1412 1431 1463 persequi,
1453 1425 1512 1449 ex-

172 1474 273 1524 cepti
303 1477 422 1511 erant.
483 1472 588 1518 Quos
619 1485 760 1520 omneS,
794 1473 982 1511 instinctu
1009 1478 1320 1524 purpuratorum,
1351 1475 1514 1513 barbara.

172 1538 327 1575 feritate
348 1536 598 1583 saevientium,
619 1535 787 1585 praecisis
809 1536 1034 1587 adustisque
1062 1537 1238 1575 manibus
1267 1538 1514 1586 circumduci,

170 1607 216 1638 ut
236 1601 361 1650 copias
381 1612 468 1637 suas
487 1604 709 1649 noscerent,
740 1599 909 1650 satisque
927 1600 1102 1638 omnibus
1123 1602 1320 1651 spectatis,
1333 1601 1515 1640 nunciare

173 1678 258 1715 quae
277 1663 477 1711 vidissent,
499 1662 601 1713 Regi
633 1675 701 1700 suo
730 1663 859 1712 jussit.
919 1663 1038 1701 Motis
1069 1665 1160 1715 ergo
1191 1665 1338 1713 castris,
1360 1670 1516 1716 superat

173 1728 358 1766 Pinarum
388 1739 548 1774 amnem,
570 1727 608 1764 in
636 1727 768 1777 tergis,
789 1731 833 1763 ut
852 1726 1045 1775 credebat,
1065 1727 1297 1777 fugientium
1326 1729 1512 1766 haesurus.

175 1792 230 1829 At
262 1791 332 1838 illi,
355 1803 518 1840 quorum
551 1794 816 1839 amputaverat
847 1802 993 1837 manus,
1019 1789 1069 1826 ad
1103 1795 1227 1827 eastra
1261 1790 1515 1829 Macedonum

172 1858 385 1905 penetrant,
417 1852 590 1899 Darium,
622 1853 738 1902 quam
769 1852 934 1889 maximo
969 1866 1083 1890 cursu
1115 1858 1256 1903 posset,
1286 1856 1393 1906 sequi
1421 1869 1516 1893 nun-

173 1918 326 1955 ciantes.
384 1916 466 1953 Vix
485 1915 579 1953 fides
598 1915 819 1953 habebatur.
878 1915 1017 1966 Itaque
1049 1916 1307 1966 speculatores
1338 1918 1376 1955 in
1406 1919 1515 1956 mari-

173 1982 285 2019 timas
318 1979 494 2031 regiones
524 1979 741 2029 praemissos
779 1979 978 2029 explorare
1005 1979 1128 2029 jubet,
1158 1979 1238 2030 ipse
1272 1981 1435 2030 adesset,
1468 1997 1515 2020 an

173 2044 438 2095 praefectorum
458 2042 597 2093 aliquis
618 2042 781 2092 speciem
803 2043 1032 2092 praebuisset
1059 2043 1228 2081 universi
1248 2045 1435 2083 venientis
1455 2060 1514 2084 ex-

174 2108 328 2146 ercitiis.
388 2106 465 2145 Sed
485 2107 575 2144 cum
603 2106 862 2156 speculatores
883 2108 895 2124 ⁰
909 2112 1206 2155 reverterentur,
1228 2108 1362 2158 procul
1383 2109 1516 2161 ingens

174 2170 380 2209 multitudo
401 2174 602 2219 conspecta
622 2175 691 2207 cst.
749 2168 866 2221 Ignes
887 2169 1023 2207 deinde
1053 2170 1145 2207 totis
1166 2172 1307 2221 campis
1328 2172 1515 2211 collucere

174 2238 382 2285 coeperunt,
400 2233 599 2283 omniaque
613 2233 722 2271 velut
742 2233 951 2271 continenti
971 2233 1146 2271 incendio
1167 2235 1301 2273 ardere
1317 2236 1410 2284 visa,
1428 2240 1516 2275 cum

177 2300 202 2316 ¹⁰
217 2297 410 2335 incondita
438 2296 648 2334 multitudo
668 2296 832 2333 maxime
865 2302 1021 2347 propter
1037 2298 1209 2346 jumenta
1240 2298 1369 2336 laxius
1390 2300 1517 2337 tende.-

175 2367 243 2400 rct.
302 2360 440 2411 Itaque
461 2373 504 2397 eo
527 2360 607 2410 ipso
638 2359 720 2397 loco
750 2360 886 2397 metari
919 2374 1009 2397 sues
1040 2366 1165 2398 castra
1192 2363 1371 2411 jusserat,
1391 2363 1516 2413 laetus,

179 2424 318 2476 ¹¹quod
350 2424 450 2461 omni
482 2424 719 2474 expetiverat
747 2428 847 2470 voto,
879 2423 915 2460 in
947 2424 1022 2461 illis
1056 2425 1298 2474 potissinu'nn
1331 2415 1517 2477 augustii}

179 2488 455 2526 decernendum
479 2499 570 2524 esse.
