1583 2680
534 177 690 222 LAEBER
726 177 793 202 1x.
832 177 938 203 car.
977 176 1044 202 v1.
1379 168 1490 220 231·

117 266 211 318 quid
242 266 332 305 novi
362 266 554 316 afferrent,
583 269 674 319 quia
707 269 822 307 simul
853 273 1048 317 venerant,
1081 273 1327 320 percontatur
1364 283 1453 308 num

117 329 286 368 hostium
305 342 437 367 reeens
465 331 712 369 nunciaretur
731 332 930 370 adventus.

196 394 258 430 20.
288 392 347 430 At
369 392 563 445 Craterus,
584 395 645 432 cui
672 395 894 433 mandatum
914 399 1008 444 erat,
1027 398 1073 432 ut
1091 395 1296 433 amicorum
1323 409 1454 445 preces

117 456 303 505 perferret
322 456 370 494 ad
401 469 499 505 eum,
529 456 813 506 “⁵Credisne,''
834 458 970 510 inquit,
999 457 1204 496 “adventu
1231 459 1353 509 magis
1374 458 1454 496 hos-

117 519 226 567 tium,
246 524 292 556 ut
315 521 396 569 jam
422 520 462 557 in
481 520 582 558 vallo
603 521 865 569 consisterent,
886 522 1002 572 quam
1030 524 1123 559 cura.
1143 521 1284 559 salutis
1304 527 1393 571 tuae,
1412 527 1455 559 ut

115 594 216 620 nunc
245 587 305 620 est
332 583 405 621 tibi
424 583 524 631 vilis,
545 597 615 622 nos
646 597 728 622 esse
759 584 977 622 sollicitos?
1031 583 1281 630 Quantalibet
1299 586 1358 623 vis
1381 598 1454 623 0111·

116 646 221 683 nium
239 646 411 697 gentium
431 647 623 697 conspiret
649 647 688 684 in
706 660 788 696 nOS,
808 647 967 698 impleat
995 648 1111 686 armis
1130 648 1302 699 virisque
1331 653 1455 686 totum

116 709 257 757 orbem,
278 709 463 748 classibus
483 710 604 747 maria
623 715 852 759 consternat,
873 711 1081 748 inusitatas
1108 710 1260 750 belluas
1288 712 1456 761 inducat,

117 776 161 808 tu
178 784 247 809 nos
266 772 468 822 praestabis
488 773 662 810 invictos.
722 773 800 812 Sed
826 773 912 824 quis
932 772 1101 811 Deorum
1128 773 1199 811 hoc
1219 774 1456 812 Macedoniae

117 834 291 872 columen
325 848 367 872 ac
395 835 502 873 sidus
535 835 758 873 diuturnum
785 836 868 873 fore
898 835 1071 886 polliceri
1100 841 1238 886 potest,
1259 837 1347 874 cum
1378 842 1456 874 tam

116 897 228 935 avide
248 898 462 936 manifestis
490 898 670 949 periculis
699 898 835 936 offeras
864 911 1013 949 corpuS‚
1032 899 1201 938 ‘oblitus
1229 903 1290 937 tot
1315 900 1456 938 civium

116 961 261 998 animas
294 961 446 999 trahere
467 966 504 999 te
524 961 564 998 in
583 961 743 999 casum?
815 961 912 1007 Quis
945 962 1047 1000 enim
1078 962 1152 1000 tibi
1179 967 1373 1013 superstes
1392 968 1458 1001 aut

116 1028 223 1073 optat
259 1036 352 1072 esse,
386 1029 452 1061 aut
489 1024 646 1074 potest?
713 1024 775 1062 Εὸ
807 1025 1062 1074 pervenimus,
1093 1025 1306 1075 auspicium
1343 1031 1457 1077 atque

116 1086 318 1136 imperium
349 1087 472 1125 secuti
502 1093 620 1135 tuum,
640 1087 742 1125 unde
761 1087 836 1125 nisi
857 1092 894 1125 te
918 1088 1070 1136 reduce,
1091 1088 1189 1126 nulli
1222 1088 1270 1126 ad
1300 1094 1458 1140 penates

116 1162 205 1187 suos
225 1149 300 1187 iter
319 1150 417 1187 est.‘’

195 1213 244 1233 “⁷
259 1211 372 1258 Quod
391 1212 424 1250 si
443 1212 567 1250 adhue
587 1213 634 1251 de
661 1213 836 1251 Persidis
855 1226 972 1264 regno
993 1226 1078 1251 eum
1105 1213 1224 1252 Dario
1245 1214 1458 1265 dimicares,

117 1276 190 1314 etsi
233 1289 343 1314 nemo
376 1276 506 1325 vellet,
538 1281 665 1314 tamen
700 1289 749 1314 ne
786 1276 969 1314 admirari
1005 1277 1160 1328 quidem
1196 1283 1340 1329 posset,
1379 1283 1457 1316 tam

116 1345 301 1390 promptae
334 1352 416 1378 esse
453 1344 492 1378 te
525 1339 575 1377 ad
607 1353 718 1378 omne
756 1340 961 1378 discrimen
1000 1340 1181 1379 audaciae.
1253 1341 1354 1379 Nam
1391 1342 1458 1380 ubi

116 1403 224 1452 paria
242 1407 332 1440 suut
351 1402 564 1452 periculum
585 1415 628 1440 ae
647 1403 859 1453 praemium,
881 1407 920 1441 et
940 1403 952 1421 ⁸
966 1403 1143 1441 secundis
1162 1403 1276 1442 rebus
1297 1404 1458 1454 amplior

116 1466 265 1503 fruetus
295 1471 365 1513 cst,
386 1470 425 1503 et
457 1465 629 1504 adversis
662 1465 843 1504 solatium
874 1468 1010 1515 majus.
1066 1466 1177 1504 “Tuo
1210 1467 1298 1505 vero
1332 1468 1458 1517 capite

117 1527 322 1578 ignobilem
341 1528 468 1565 vicum
487 1528 562 1565 emi
593 1528 680 1579 quis
709 1528 821 1576 ferat,
850 1541 925 1566 non
959 1532 1114 1566 tuorum
1133 1528 1246 1566 modo
1276 1529 1457 1577 militum,

118 1589 187 1627 sed
216 1589 334 1627 ullius
365 1590 482 1627 etiam
511 1590 638 1640 gentis
666 1589 840 1629 barbarae
875 1591 898 1608 ¹⁰
910 1590 1016 1638 civis,
1037 1590 1105 1640 qui
1135 1595 1241 1628 tuam
1271 1592 1459 1642 magnitu-

118 1653 246 1691 dinem
271 1652 409 1691 novit?
465 1652 612 1690 Horret
643 1653 791 1690 animus
828 1653 1061 1704 cogitatione
1098 1653 1165 1701 rei,
1199 1667 1313 1705 quam
1342 1655 1458 1704 paulo

118 1718 207 1754 ante
227 1716 404 1755 vidimus.
463 1715 646 1767 ¹¹Eloqui
680 1716 811 1764 timeo,
841 1715 976 1754 invicti
1009 1716 1179 1766 corporis
1212 1716 1344 1767 spoliis
1364 1717 1457 1755 iner-

116 1779 288 1817 tissimos
306 1792 440 1817 manus
460 1779 579 1817 fuisse
598 1779 819 1829 injecturos,
839 1779 914 1816 nisi
935 1784 972 1817 te
995 1779 1019 1796 ¹²
1031 1779 1287 1830 interceptum
1315 1780 1458 1818 miseri-

119 1855 202 1881 cors
221 1842 260 1880 in
279 1855 348 1880 nos
369 1842 526 1880 fortuna
546 1842 776 1880 servasset.”
867 1839 870 1841 ’

198 1905 418 1944 “Totidem
447 1905 674 1956 proditores,
696 1905 859 1943 totidem
892 1904 1109 1943 desertores
1138 1918 1280 1954 sumus,
1301 1911 1394 1957 quot
1421 1912 1458 1944 te

118 1981 195 2007 non
225 1969 422 2019 potuimus
449 1968 636 2019 persequi.
695 1968 720 1986 ¹³
734 1967 941 2006 Universos
973 1968 1066 2005 licet
1097 1968 1306 2018 ignominia
1338 1974 1458 2018 notes,

119 2044 230 2069 nemo
263 2031 458 2070 recusabit
484 2031 590 2069 luere
622 2031 675 2079 id,
695 2031 810 2082 quod,
830 2044 878 2068 ne
909 2031 1144 2079 admitteret,
1173 2037 1354 2082 praestare
1384 2046 1457 2070 non

119 2094 253 2145 potuit.
311 2094 452 2131 Patere
483 2107 564 2141 nos,
584 2106 725 2144 quaeso,
745 2093 820 2131 alio
848 2093 960 2131 modo
992 2106 1072 2132 esse
1091 2094 1186 2132 viles
1218 2094 1301 2133 tibi.
1360 2094 1458 2141 Quo-

121 2169 283 2207 cumque
307 2155 482 2206 jusseris,
503 2156 668 2194 ibimus:
697 2155 860 2194 obscura.
886 2155 1067 2206 pericula,
1088 2161 1128 2194 et
1159 2157 1348 2209 ignobiles
1367 2172 1459 2209 pug-

122 2233 190 2257 nas
209 2219 320 2257 nobis
339 2218 604 2269 deposcimus;
635 2218 879 2268 temetipsum
909 2219 958 2257 ad
989 2232 1034 2258 ea
1065 2232 1186 2268 serva,
1206 2234 1292 2272 quae
1319 2223 1459 2272 magni-

122 2283 295 2320 tudinem
315 2287 420 2319 tuam
450 2281 473 2299 ¹⁴
485 2282 649 2332 capiunt.
710 2280 798 2320 Cito
830 2281 955 2333 gloria
987 2282 1192 2322 obsolescit
1223 2284 1263 2322 in
1297 2284 1460 2323 sordidis

122 2345 309 2383 hostibus.
369 2344 451 2382 Nec
481 2343 689 2395 quidquam
719 2344 912 2395 indignius
943 2350 1013 2394 est,
1034 2346 1151 2397 quam
1171 2347 1342 2385 consumi
1369 2360 1461 2396 eam,

123 2409 189 2447 ubi
206 2421 281 2446 non
309 2407 432 2459 possit
460 2407 651 2446 ostendi.⁷'
707 2407 854 2446 Eadem
874 2409 956 2447 fere
985 2408 1234 2457 Ptolcmaeus,
1255 2416 1294 2447 ct
1322 2409 1460 2447 similia

124 2471 172 2509 iis
202 2471 343 2510 caeteri.
416 2470 581 2522 Jamque
615 2469 784 2509 confusis
815 2471 972 2510 vocibus
1004 2471 1137 2510 flentes
1169 2485 1254 2509 eum
1290 2471 1458 2520 orabant·
