1583 2680
459 141 620 166 LIBER
659 140 703 165 v.
744 139 854 165 car.
898 140 1016 165 V111.
1360 129 1411 167 99

62 239 142 274 tate
162 233 374 273 Alexandri
395 237 655 284 occuparetur,
671 231 872 270 consilium
886 231 1033 283 iterque
1047 231 1221 270 mutavit«.
1266 232 1413 270 Aberat

68 298 116 337 ab
134 311 178 336 eo
198 297 421 336 Alexander
441 297 565 335 stadia
584 309 652 345 im,
673 295 740 333 sed
754 295 835 345 jam
853 294 1003 332 nullum
1022 294 1265 333 intervallum
1284 295 1411 334 adver-

60 362 129 400 sus
148 361 386 400 velocitatem
406 362 488 410 ejus
510 360 607 398 satis
635 359 790 410 longum
816 357 1028 397 videbatur.
1112 358 1250 409 Itaque
1277 359 1411 409 praelio

59 425 179 476 magis
197 426 313 476 quam
331 424 434 475 fugae
467 436 506 461 se
538 422 790 473 praeparabat.
875 421 1053 472 Triginta
1082 421 1205 458 millia
1235 421 1411 471 peditum

59 487 337 539 sequebantur:
367 487 407 524 in
438 486 579 537 quibus
606 485 829 524 Graecorum
859 489 969 522 erant
997 489 1161 535 quatuor
1188 484 1320 533 millia,
1339 485 1411 522 fide

59 564 150 603 erga
168 551 316 602 Regem
335 550 385 588 ad
403 550 582 588 ultimum
601 549 755 587 invicta.
799 547 1055 586 Funditorum
1069 560 1218 599 quoque
1237 552 1276 585 ct
1296 548 1411 599 sagit-

59 614 248 653 tariorum
268 627 402 651 manus
421 619 586 664 quatuor
605 612 729 650 millia
757 611 983 663 expleverat.
1067 611 1217 650 Praeter
1241 611 1310 649 hos
1335 612 1411 649 tria

58 678 183 716 millia
201 683 239 716 et
259 678 419 716 trecenti
439 677 588 728 equites
616 681 736 725 erant,
755 675 921 714 maxime
950 674 1252 714 Bactrianorum.
1336 675 1412 713 His

59 741 204 780 Bessus
223 745 398 792 praecrat,
417 740 638 778 Bactrianae
655 739 822 791 regionis
850 738 1073 777 Praefectus.
1149 737 1246 778 Cum
1264 738 1334 776 hoc
1351 752 1412 790 ag-

58 805 161 842 mine
190 804 333 842 Darius
363 803 518 854 paulum
549 803 755 841 declinavit
773 802 837 840 via
855 801 1027 850 militari,
1052 801 1172 851 jussis
1201 801 1413 852 praecedere

58 868 151 906 lixis
183 867 538 918 impedimentorum
557 865 790 904 custodibus.
874 863 1043 903 Consilio
1062 863 1198 902 deinde
1219 864 1413 913 advocato,

61 935 83 953 “
97 931 140 971 Si
157 944 217 969 me
236 944 320 968 cum
339 930 524 982 ignavis‚’'
545 929 679 979 inquit,
702 931 724 950 ‘³
739 933 777 966 et
795 928 917 978 pluris
937 928 948 945 ³
963 927 1274 978 qualemcumque
1294 927 1414 966 vitam

59 999 181 1033 morte
199 994 360 1032 honesta,
379 993 672 1040 aestimantibus,
691 993 846 1030 fortuna
861 991 1067 1041 junxisset,
1086 995 1249 1029 tacerem
1274 991 1413 1042 potius,

60 1058 200 1109 'quam
218 1056 367 1095 frustra
385 1055 504 1094 verba
531 1067 799 1092 consumerem.
858 1054 935 1092 Sed
962 1055 1107 1103 majore
1134 1056 1250 1105 quam
1277 1054 1415 1093 vellem

61 1121 300 1169 documento,
320 1124 360 1158 et
377 1119 564 1158 virtutem
583 1122 752 1156 vestram
770 1122 809 1155 et
823 1116 935 1154 fidem
950 1121 1144 1167 expertus,
1159 1117 1281 1168 magis
1301 1118 1414 1155 etiam

61 1184 206 1223 conniti
238 1183 369 1231 debeo,
389 1186 434 1220 ut
453 1181 593 1233 dignus
612 1180 756 1219 talibus
775 1179 908 1218 amicis
927 1179 1010 1228 sim,
1030 1180 1147 1231 quam
1165 1179 1342 1217 dubitare
1369 1193 1415 1218 an

62 1247 182 1286 vestri
201 1246 344 1284 similes
362 1245 487 1283 adhuc
505 1244 602 1283 sitis.
686 1243 750 1282 Ex
769 1247 828 1281 tot
845 1242 1030 1288 millibus,
1050 1233 1138 1293 quae
1158 1242 1228 1281 sub
1255 1243 1415 1293 imperio

62 1311 217 1349 fuerunt
243 1321 337 1358 meo,
371 1308 433 1347 bis
463 1321 522 1346 me
558 1308 714 1355 vietum,
744 1306 805 1346 bis
841 1305 1051 1356 fugientem
1087 1306 1279 1356 persecuti
1311 1306 1413 1345 estis.

63 1374 181 1412 Fides
198 1378 337 1421 vestra,
357 1377 396 1410 et
414 1371 641 1420 constantia,
669 1375 714 1408 ut
746 1369 895 1421 Regem
924 1382 984 1407 me
1014 1382 1097 1407 esse
1128 1369 1292 1418 credam,
1311 1369 1413 1408 facit.

65 1437 290 1476 Proditores
320 1441 359 1474 et
384 1435 575 1486 tranfugoe
603 1434 644 1471 in
671 1433 830 1472 urbibus
848 1433 943 1471 meis
971 1437 1143 1485 regnant,
1161 1446 1237 1471 non
1261 1433 1415 1471 hercule

65 1500 156 1552 quia
173 1504 281 1537 tanto
299 1499 440 1537 honore
459 1498 568 1549 digni
586 1497 813 1545 habeantur,
832 1496 900 1534 sed
913 1501 959 1534 ut
973 1496 1143 1547 praemiis
1158 1509 1288 1535 eorum
1299 1496 1418 1535 vestri

66 1562 322 1602 sollicitentur
341 1561 469 1599 animi.
528 1560 657 1598 Meam
675 1564 804 1596 tamen
822 1559 1015 1597 fortunam
1032 1560 1150 1610 qua-m
1167 1559 1325 1598 victoris
1342 1573 1417 1597 ma-

68 1625 198 1664 luistis
216 1624 323 1676 sequi
344 1637 352 1662 :
382 1623 597 1675 dignissimi
615 1623 764 1674 quibuS‚
785 1622 818 1660 si
838 1629 999 1674 egonon
1017 1622 1169 1672 possim,
1189 1621 1255 1660 Dii
1273 1635 1341 1673 pro
1359 1635 1418 1660 me

67 1688 229 1742 gratiam
246 1689 414 1726 referant
429 1700 438 1725 ε
467 1691 506 1724 et
523 1686 740 1724 mehercule
761 1686 938 1724 referent.
982 1685 1102 1724 Nulla
1113 1686 1188 1724 erit
1205 1690 1284 1724 tam
1304 1685 1419 1723 surda

69 1751 284 1804 posteritas,
303 1750 412 1789 nulla.
430 1755 509 1788 tam
527 1750 680 1801 ingrata
696 1750 809 1798 fama,
824 1763 910 1801 quae
927 1762 1003 1787 non
1023 1749 1062 1786 in
1080 1749 1218 1788 coelum
1232 1762 1299 1788 vos
1318 1749 1419 1787 debi-

70 1816 123 1854 tis
150 1815 330 1854 laudibus
361 1814 469 1852 ferat.
553 1813 703 1864 Itaque,
734 1812 884 1850 etiamsi
914 1812 1115 1850 eonsilium
1144 1812 1258 1864 fugae,
1289 1825 1312 1850 a
1343 1815 1420 1863 qua

70 1879 240 1917 multum
259 1877 438 1916 abhorret
456 1876 623 1925 animus,
643 1876 866 1927 agitaSsem‚
886 1878 1015 1914 vestra
1036 1880 1164 1913 tamen
1182 1876 1326 1913 virtute
1346 1876 1417 1913 fre-

74 1948 148 1991 tus,
168 1941 319 1981 obviam
338 1944 455 1979 issem
472 1940 585 1978 hosti.
643 1940 850 1990 Quousque
869 1939 970 1977 enim
998 1939 1037 1976 in
1055 1951 1171 1990 regno
1191 1939 1363 1987 exulabo,
1383 1943 1421 1976 et

73 2019 140 2056 per
157 2005 250 2043 fines
269 2004 419 2054 imperii
438 2003 514 2041 mei
529 2002 676 2054 fugiam
691 2007 891 2040 externum
904 2007 944 2040 et
963 2001 1146 2040 advenam
1165 2001 1322 2053 Regem,
1337 2004 1422 2039 etun

75 2069 192 2106 liceat
209 2067 386 2118 ‘experto
405 2066 498 2106 belli
517 2066 722 2114 fortunam,
740 2070 807 2104 aut
825 2078 1002 2116 reparare
1030 2078 1116 2116 quae
1131 2065 1252 2114 amisi,
1268 2070 1335 2103 aut
1359 2065 1423 2102 ho-

77 2134 187 2169 nesta
214 2135 336 2168 morte
365 2129 552 2181 defungi?
578 2129 654 2167 nisi
671 2129 771 2167 forte
794 2129 916 2167 satius
945 2134 1004 2167 est
1031 2132 1248 2179 exspectare
1268 2128 1425 2166 victoris

79 2193 292 2241 arbitrium,
312 2197 350 2230 et
369 2193 518 2241 Mazaei,
539 2197 578 2230 et
599 2192 806 2231 Mithrenis
825 2192 996 2243 exemplo
1024 2192 1238 2243 precarium
1257 2191 1424 2241 accipere

80 2270 237 2309 regnum
267 2256 435 2293 nationis
462 2256 596 2305 unius,
627 2255 639 2273 ⁶
652 2261 696 2293 ut
725 2257 806 2305 jam
824 2255 934 2292 malit
953 2255 1018 2293 ille
1036 2255 1169 2307 gloriae
1188 2268 1278 2302 suae,
1298 2256 1425 2305 quam,

82 2322 149 2359 irae
167 2319 332 2369 obsequi.
398 2317 480 2356 Nec
499 2318 566 2356 Dii
584 2319 756 2367 siverint,
775 2324 819 2356 ut
838 2319 849 2336 ⁷
862 2318 933 2356 hoc
961 2318 1076 2356 decus
1095 2318 1171 2356 mei
1199 2318 1333 2367 capitis
1361 2322 1428 2353 aut

83 2385 233 2423 demere
252 2381 347 2419 mihi
364 2381 574 2432 quisquam,
594 2387 661 2419 aut
687 2382 897 2420 condonare
925 2382 936 2399 ⁸
949 2382 1082 2432 possit.
1167 2380 1246 2417 Nec
1275 2379 1344 2416 hoc
1363 2378 1429 2415 im-

84 2447 229 2499 perium
249 2446 357 2483 vivus
388 2444 573 2491 amittam,
593 2445 768 2495 idemque
788 2445 862 2482 erit
892 2445 998 2495 regni
1019 2444 1093 2481 mei
1120 2443 1185 2493 qui
1207 2447 1243 2479 et
1265 2441 1426 2492 spiritus
