1583 2680
452 161 610 186 Lmen
652 161 721 185 1v.
766 161 877 186 car.
921 160 988 185 VI.
1343 150 1391 186 40

48 252 294 291 admovendis
315 253 463 291 inutilis
485 253 667 301 turribus,
689 253 701 271 ⁸
715 253 910 291 desidente
931 252 1077 300 sabulo,
1100 252 1312 304 agilitatem
1331 267 1387 291 ro-

48 322 174 354 tarum
193 317 426 365 morabatur,
449 322 488 355 et
507 317 680 356 tabulata
698 317 863 354 turrium
890 316 1170 367 perfringebat:
1201 317 1390 367 multique

46 379 349 418 vulnerabantur
365 380 532 434 impune,
549 382 561 399 ⁹
574 381 664 418 eum
679 380 781 418 idem
799 379 1040 431 recipiendis,
1057 380 1123 431 qui
1143 379 1390 418 admovendis

47 443 229 491 turribus,
249 443 358 493 labor
379 457 442 482 eos
462 444 651 495 fatigaret.
713 443 818 494 Ergo
846 443 1016 494 receptui
1044 444 1153 495 signo
1183 443 1284 492 date,
1307 457 1389 494 pos-

46 511 127 544 tero
163 506 225 544 die
258 519 387 544 muros
422 508 600 545 ¹⁰corona
637 506 865 544 circumdari
899 506 1027 557 jussit.
1088 506 1261 558 Ortoque
1299 507 1388 554 sole,

44 569 269 621 priusquam
305 570 527 608 admoveret
559 570 784 618 exereitum,
821 570 974 621 ¹¹opem
1007 570 1136 608 Deum
1169 583 1387 620 exposcens,

46 645 197 670 sacrum
232 633 359 683 patrio
397 645 501 671 more
538 633 714 671 faciebat.
773 633 892 671 Forte
930 633 1206 683 praetervolans
1240 646 1388 680 corvus,

48 696 74 713 ¹²
86 695 248 747 glebam,
280 709 395 747 quam
428 696 621 747 unguibus
655 697 816 745 ferebat,
848 697 977 735 subit&
1010 697 1160 734 amisit:
1190 711 1276 748 quae
1307 699 1389 734 eiuu

47 758 170 810 Regis
189 759 308 810 capiti
337 759 546 808 incidisset,
567 760 738 798 resoluta
758 760 930 797 defluxit.
989 760 1082 811 Ipsa
1101 765 1230 798 autem
1250 760 1331 798 avis
1352 760 1389 796 in

45 822 222 872 proxima
254 827 358 860 turre
391 822 576 860 consedit.
635 822 746 860 Illita
781 828 864 861 erat
896 823 1015 861 turris
1048 823 1234 862 bitumine
1255 836 1297 860 ac
1318 823 1389 861 sul—

44 885 178 935 phure,
199 885 238 922 in
258 888 334 936 qua
355 885 426 923 alis
454 885 691 924 haerentibus
718 886 866 924 frustra
886 899 926 923 se
947 886 1110 924 allevare
1143 886 1348 934 ¹³conatus,
1369 900 1391 923 a

45 948 381 986 circumstantibus
410 949 570 998 capitur.
629 948 757 999 Digna
776 961 838 986 res
857 949 951 997 visa,
973 949 1019 986 de
1039 952 1115 1000 qud.
1134 954 1240 988 vates
1260 962 1388 987 consu-

45 1011 156 1059 leret,
176 1016 221 1048 ut
239 1016 323 1048 erat
343 1024 418 1049 non
438 1012 594 1049 intactae
613 1025 635 1049 a
655 1012 926 1061 superstitione
945 1013 1094 1050 mentis,
1154 1012 1260 1063 Ergo
1283 1013 1389 1050 Aris-

45 1074 191 1122 tander,
212 1073 276 1112 eui
295 1074 463 1111 maxima
481 1074 575 1112 fides
602 1074 826 1124 habebatur,
846 1077 868 1095 “
881 1075 988 1113 urbis
1016 1075 1171 1126 quidem
1199 1076 1390 1114 excidium

44 1137 202 1187 augurio
222 1137 289 1175 illo
309 1137 507 1187 portendi,
538 1137 722 1175 eaeterum
740 1137 953 1188 periculum
973 1150 1067 1186 esse,
1080 1151 1128 1175 ne
1149 1138 1237 1176 Rex
1252 1139 1390 1177 vulnus

45 1201 253 1252 acciperet:
272 1201 292 1221 ”
321 1201 451 1252 itaque
480 1201 632 1239 monuit
658 1201 836 1253 “nequid
865 1215 909 1240 eo
930 1201 991 1239 die
1020 1201 1244 1252 inciperet.''
1301 1202 1389 1250 Ille,

44 1266 263 1316 quanquam
299 1277 415 1302 unam
451 1265 584 1303 urbem
621 1265 709 1315 sibi,
741 1265 948 1316 quominus
982 1277 1138 1304 securus
1172 1265 1390 1316 AEgyptum

45 1329 220 1376 intraret,
241 1328 393 1368 obstare
423 1330 526 1380 {egre
558 1329 715 1377 ferebat,
736 1334 864 1367 tamen
894 1329 1025 1380 paruit
1049 1329 1142 1378 vati,
1164 1329 1389 1381 signumque

44 1392 216 1442 receptui
237 1391 352 1430 dedit.

124 1457 186 1493 25.
218 1454 323 1493 Hine
353 1455 503 1493 animus
534 1455 656 1494 erevit
686 1455 863 1503 obsessis,
893 1456 1112 1507 egressique
1141 1459 1266 1506 porta,
1291 1470 1388 1494 reee-

46 1517 227 1556 dentibus
265 1518 435 1557 inferunt
474 1519 604 1569 signa:
643 1518 927 1557 cunctationem
962 1519 1135 1557 hostium
1168 1520 1249 1558 fore
1283 1533 1389 1558 suam

45 1581 281 1619 occasionem
300 1581 385 1619 rati.
446 1580 524 1619 Sed
544 1581 669 1619 aerias
696 1581 813 1632 quam
833 1582 1075 1625 constantius
1104 1582 1279 1632 praelium
1298 1583 1388 1620 inie-

45 1649 145 1681 runt.
205 1643 227 1661 ¹⁴
241 1643 392 1694 Quippe
405 1648 449 1682 ut
465 1643 719 1682 Macedonum
735 1643 844 1695 signa
856 1644 1062 1695 circumagi
1074 1645 1218 1693 videre,
1232 1647 1389 1695 repente

46 1707 189 1745 sistunt
206 1707 380 1758 gradum.
439 1707 607 1759 Jamque
627 1707 676 1745 ad
696 1707 844 1759 Regem
869 1707 1129 1758 praeliantium
1149 1707 1289 1746 elamor
1308 1722 1388 1759 per-

46 1775 212 1819 venerat,
233 1771 323 1809 eum
353 1770 577 1808 denunciati
607 1770 773 1821 periculi
800 1770 905 1808 haud
934 1772 1024 1809 sane
1053 1784 1209 1819 memor,
1230 1771 1390 1810 loricam

46 1839 186 1883 tamen,
206 1835 324 1885 quam
342 1834 428 1872 raro
448 1833 646 1882 induebat,
668 1834 799 1872 amieis
819 1834 1020 1873 orantibus
1049 1835 1223 1885 sumpsit,
1244 1840 1283 1873 et
1304 1835 1389 1873 ¹⁵ad

45 1897 170 1948 prima
201 1898 309 1948 signa
338 1897 525 1948 pervenit.
583 1897 670 1943 Quo
701 1902 914 1949 conspeetO,
935 1897 1064 1937 Arabs
1094 1898 1260 1949 quidam,
1280 1898 1389 1936 Darii

46 1960 168 2009 miles,
191 1960 214 1978 ¹⁶
225 1962 349 2011 majus
380 1961 536 1999 fortuna
555 1964 626 1999 sua
656 1961 805 1999 facinus
835 1974 963 2010 ausae,
985 1961 1119 2012 clypeo
1145 1961 1316 2012 gladium
1337 1967 1387 2000 te-

45 2036 150 2075 gens,
170 2024 281 2075 quasi
310 2024 511 2075 transfuga
539 2023 702 2075 genibus
731 2023 854 2074 Regis
882 2023 1111 2063 advolvitur.
1170 2023 1246 2062 Ille
1265 2037 1389 2062 assur-

45 2099 134 2137 gere
155 2087 376 2138 supplicem,
398 2087 593 2138 recipique
614 2087 714 2125 inter
734 2099 821 2125 suos
846 2087 977 2137 jussit.
1034 2088 1092 2125 At
1109 2087 1238 2139 gladio
1258 2087 1387 2126 barba-

45 2161 112 2187 rus
145 2151 300 2188 strenue
333 2151 373 2188 in
403 2149 579 2188 dextram
612 2149 813 2198 translato,
843 2151 1030 2189 cervicem
1062 2151 1209 2202 appetit
1244 2151 1386 2201 Regis,

47 2212 165 2264 ¹⁷qui,
201 2213 342 2263 exigua
375 2212 546 2263 eorporis
584 2213 838 2252 declinatione
875 2214 1017 2253 evitato
1055 2215 1146 2262 ictu,
1178 2215 1217 2252 in
1248 2228 1387 2253 vanum

46 2289 197 2313 manum
229 2275 383 2314 barbari
413 2275 557 2326 lapsam
589 2281 764 2327 amputat
792 2277 934 2328 gladio,
955 2277 1183 2316 denunciato
1215 2278 1253 2315 in
1280 2277 1387 2314 illum

46 2339 147 2377 diem
163 2338 334 2390 periculo
351 2339 411 2388 (ut
423 2339 682 2379 arbitrabatur
696 2340 792 2392 ipsc)
807 2341 1020 2379 defunctus.
1079 2342 1168 2389 Sed,
1182 2346 1226 2378 ut
1242 2340 1386 2390 opinor,

45 2402 266 2440 inevitabile
286 2406 344 2440 est
363 2401 486 2440 fatum
506 2415 514 2440 :
542 2403 685 2454 quippe
715 2403 811 2442 dum
838 2404 939 2442 inter
957 2404 1146 2454 primores
1174 2402 1387 2454 promptius

46 2465 214 2514 dimicat,
231 2465 371 2515 sagitta
387 2465 485 2503 ictus
501 2471 572 2514 cst,
588 2479 700 2517 quam
721 2480 789 2516 per
804 2466 961 2505 loricam
977 2466 1162 2514 adactam,
1186 2465 1208 2483 ¹⁸
1220 2469 1384 2503 stantem
