1583 2680
109 141 185 178 242
573 153 758 185 QUINTI
801 153 986 179 cun‘rn

108 244 253 294 habito,
274 244 426 282 dedidit
458 258 509 294 sc,
543 259 611 284 nee
642 245 851 298 quidquam
884 245 1023 284 deditis
1055 250 1196 296 praeter
1229 250 1460 284 commeatus

108 307 336 358 imperatum
368 314 438 347 est.
498 308 642 354 Quinto
674 309 763 347 hinc
797 309 858 348 die
889 309 995 348 venit
1026 310 1075 347 ad
1105 310 1268 359 flumen3
1299 309 1462 347 Arabon

109 371 245 410 incolae
278 372 480 422 appellant.
537 373 661 424 Regio
692 372 842 411 deserta
872 377 912 411 et
944 387 1127 424 aquarum
1159 373 1271 424 inops
1304 373 1461 422 excipit,

109 449 223 486 quam
260 448 433 473 emensus
470 437 510 473 in
551 436 682 475 Oritas
719 437 869 475 transit.
944 437 1009 476 Ibi
1046 438 1230 487 majorem
1266 436 1462 474 exercitus

110 502 259 548 partem
286 498 552 549 Hephaestioni
584 499 774 538 tradidit:
804 500 927 538 levem
957 504 1188 538 armaturam
1219 480 1463 538 cumetole·

110 574 204 599 maeo
225 561 468 613 Leonatoque
499 562 665 612 partitus
685 568 752 601 est.
811 563 903 601 Tria
922 563 1037 601 simul
1066 563 1216 614 agmina
1233 562 1464 613 populaban-

111 629 175 662 tur
208 624 339 675 Indos,
366 638 589 676 magnaeque
620 625 762 676 praedae
795 630 890 664 actae
920 631 1019 664 sunt.
1084 626 1302 664 MarItimos
1335 625 1465 664 Ptole-

110 701 239 736 maeus,
261 693 417 726 caeteros
447 689 530 739 ipse
563 689 650 727 Rex
678 694 715 726 et
745 689 792 727 ab
822 689 899 725 alia
926 693 1036 738 parte
1068 688 1265 726 Leonatus
1291 689 1463 727 urebant.

112 751 161 788 In
188 751 260 788 hac
292 764 437 802 quoque
468 751 622 802 regione
651 751 786 790 urbem
818 751 1003 800 condidit,
1024 751 1277 802 ³deductique
1310 755 1400 790 sunt
1427 750 1467 788 in

112 827 195 851 eam
214 814 428 852 Arachosii.
486 814 592 851 Hinc
610 814 788 864 pervenit
818 814 868 852 ad
895 815 1110 853 maritimos
1142 814 1274 853 Indos.
1331 814 1466 852 Deser-

112 881 191 913 tam
210 881 432 928 vastamque
461 876 655 928 regionem
684 876 762 914 late
782 881 926 926 tenent,
947 890 990 915 ac
1008 890 1056 915 ne
1075 890 1161 915 eum
1190 877 1368 915 finitimis
1387 877 1466 929 qui-

113 940 198 977 dem
227 939 304 978 ullo
337 940 551 978 commercii
591 942 678 990 jure
708 940 926 979 miscentur.
997 941 1091 992 Ipsa
1126 941 1291 980 solitudo
1328 943 1467 980 natura

111 1016 258 1054 quoque
290 1003 454 1041 immitia
486 1004 658 1043 efferavit
691 1004 856 1056 ingenia.
931 1005 1158 1043 Prominent
1192 1017 1337 1057 ungues
1373 1018 1466 1043 nun-

111 1080 223 1118 quam
241 1067 363 1106 recisi.
422 1066 552 1107 Oomae
583 1067 755 1117 hirsutae,
776 1073 816 1106 et
843 1068 1005 1107 intonsae
1038 1073 1136 1107 sunt.
1195 1067 1366 1119 Tuguria
1384 1080 1467 1106 con-

113 1130 194 1168 chis
213 1135 252 1168 et
271 1130 418 1169 caeteris
448 1131 708 1183 purgamentis
740 1131 858 1170 maris
877 1132 1085 1170 instruunt.
1156 1131 1341 1169 Ferarum
1357 1131 1466 1181 pelli-

112 1193 182 1232 bus
203 1194 307 1243 tecti,
328 1194 496 1245 piscibus
516 1194 595 1233 sole
616 1195 778 1244 duratis,
797 1199 837 1233 et
864 1197 1055 1246 majorum
1073 1207 1222 1246 quoque
1240 1194 1466 1244 belluarum,

112 1270 206 1309 quas
233 1257 370 1295 fluetus
402 1257 517 1307 ejicit,
551 1270 664 1296 earne
695 1263 909 1296 vescuntur.
968 1258 1214 1308 Consumptis
1247 1258 1368 1309 igitur
1400 1258 1467 1296 ali-

113 1322 263 1370 mentis,
285 1321 514 1359 Macedones
543 1321 665 1372 primo
685 1321 866 1372 inopiam,
888 1321 1026 1359 deinde
1048 1321 1096 1360 ad
1125 1321 1307 1360 ultimum
1325 1322 1467 1360 famem

114 1384 256 1422 sentire
291 1389 497 1435 coeperunt,
529 1384 679 1423 radices
709 1385 922 1435 palmarum
953 1385 1130 1436 (namque
1160 1385 1242 1423 sola
1277 1398 1321 1422 ea
1358 1385 1469 1424 arbor

113 1448 302 1499 gignitur)
333 1447 474 1498 ubique
508 1448 728 1486 ⁴rimantes.
786 1448 863 1486 Sed
892 1449 981 1485 cum
1008 1448 1089 1486 haec
1109 1460 1258 1499 quoque
1289 1448 1471 1486 alimenta

115 1511 344 1560 defecerant,
360 1513 535 1561 jumenta
567 1510 710 1549 credere
740 1511 919 1562 aggressi,
939 1524 987 1549 ne
1007 1511 1115 1563 equis
1133 1511 1288 1562 quidem
1307 1512 1470 1550 abstine-

114 1575 231 1613 bant:
262 1579 301 1612 et
333 1576 422 1612 ci'un
441 1574 618 1612 deessent
636 1587 720 1626 quae
752 1574 920 1613 sarcinas
945 1574 1142 1624 veherent,
1163 1575 1286 1626 spolia
1312 1575 1359 1613 de
1386 1575 1471 1614 hos-

114 1638 216 1676 tibus
247 1643 403 1689 propter
435 1651 521 1689 quae
551 1637 687 1676 ultima
709 1637 883 1678 Orientis
915 1643 1225 1690 peragraverant,
1255 1639 1472 1678 cremabant

114 1701 298 1740 incendio.

197 1767 257 1804 34.
288 1766 446 1804 Famem
478 1765 614 1804 deinde
647 1766 865 1817 pestilentia
894 1770 1024 1804 secuta
1053 1770 1133 1815 cst;
1163 1766 1302 1817 quippe
1329 1765 1468 1804 insalu-

116 1829 244 1867 brium
271 1829 441 1868 ciborum
471 1829 560 1868 novi
590 1829 706 1878 succi,
727 1829 775 1867 ad
807 1829 877 1867 hoc
897 1829 1044 1867 itineris
1076 1829 1195 1877 labor,
1215 1834 1254 1867 et
1282 1829 1469 1880 aegritudo

116 1893 244 1942 animi,
277 1893 527 1945 vulgaverant
558 1892 734 1942 morbos;
774 1896 825 1940 ct,
855 1905 923 1930 nec
955 1904 1108 1930 manere
1139 1892 1222 1930 sine
1254 1891 1373 1941 clade,
1402 1905 1470 1930 nec

116 1956 298 2008 progredi
328 1961 517 2008 poterant,
586 1956 788 1994 Manentes
821 1955 953 2004 fameS,
982 1967 1204 2006 progressos
1238 1955 1362 1994 acrior
1389 1969 1468 2006 pes-

119 2021 270 2058 tilentia
309 2020 481 2072 urgebat.
556 2019 662 2071 Ergo
699 2019 813 2058 strati
859 2023 968 2056 erant
1003 2018 1126 2069 campi
1163 2019 1257 2069 pene
1293 2018 1470 2069 pluribus

118 2083 324 2132 semivivis,
343 2085 458 2135 quam
477 2083 736 2122 cadaveribus
791 2082 852 2120 Ao
870 2095 918 2120 ne
938 2082 1061 2120 levius
1076 2082 1231 2134 quidem
1249 2082 1343 2134 aegri
1363 2083 1470 2134 sequi

121 2151 327 2197 poterant:
356 2148 493 2198 quippe
526 2160 661 2199 agmen
693 2147 835 2196 raptim
866 2146 1062 2197 agebatur,
1097 2147 1273 2184 ‘'tantum
1306 2145 1470 2198 singulis

120 2210 167 2247 ad
201 2222 305 2260 spem
324 2210 458 2247 salutis
490 2209 594 2260 ipsos
626 2209 804 2260 proficere
833 2206 1090 2258 credentibus,
1111 2214 1294 2261 quantum
1321 2209 1469 2247 itineris

119 2273 332 2311 festinando
352 2273 612 2323 praeriperent.
670 2272 798 2323 Igitur
831 2273 896 2323 qui
926 2273 1152 2321 defece-rant,
1172 2277 1284 2311 notos
1302 2272 1468 2324 ignotos-

118 2351 189 2388 que
220 2341 264 2374 ut
292 2336 558 2385 allevarentur,
580 2335 747 2374 orabant.
805 2337 880 2375 Sed
899 2350 966 2374 nec
989 2339 1164 2387 jumenta
1190 2340 1309 2385 erant,
1329 2336 1468 2387 quibus

119 2400 243 2451 excipi
276 2404 441 2451 possent,
473 2405 512 2438 et
539 2400 648 2438 miles
685 2400 751 2438 vix
785 2413 888 2437 arma
919 2400 1108 2450 portabat,
1138 2398 1466 2449 “imminentisque

119 2464 235 2502 etiam
254 2463 347 2515 ipsis
377 2463 494 2503 facies
525 2463 615 2502 mali
648 2469 735 2502 ante
757 2463 883 2502 oculos
915 2468 1005 2503 erat.
1064 2464 1170 2516 Ergo
1190 2462 1333 2514 saepids
1362 2475 1466 2500 revo-
