1583 2680
133 142 212 180 154
599 154 782 186 QUINTI
821 151 1004 179 cunru

131 246 298 298 Jamque
331 246 412 284 haec
441 246 525 296 ipsa
553 245 734 284 alimenta
763 245 992 292 defecerant,
1022 245 1107 281 esim
1133 245 1316 294 jumenta,
1335 242 1474 294 quibus

129 322 247 347 onera
282 309 499 359 portabant,
534 309 680 347 caedere
709 308 809 358 jussi
840 312 953 345 sunt:
993 306 1128 344 horum
1157 320 1280 355 carne,
1312 306 1402 344 dum
1435 306 1474 343 in

130 371 358 410 Bactrianos
377 376 618 422 perventum,
640 372 663 389 ²¹
679 374 833 408 traxere
852 371 984 409 vitam.

211 438 267 473 16.
298 435 516 473 Bactrianae
534 439 647 472 terrae
666 434 871 484 multiplex
891 438 931 472 et
949 433 1054 471 varia
1072 437 1209 470 natura
1228 438 1297 470 est.
1355 432 1378 449 ¹²
1391 431 1474 468 Ali·

127 497 167 535 bi
186 498 309 535 multa
328 498 452 546 arbor,
474 502 513 535 et
539 497 632 536 vit-is
660 497 790 548 largos
810 497 1000 547 mitesque
1027 496 1176 534 fructus
1197 495 1278 533 alit.
1339 495 1473 533 Solum

125 560 266 610 pingue
300 560 424 599 crebri
455 561 579 598 fontes
611 560 747 611 rigant.
825 559 922 605 Quae
953 559 1108 597 mitiora
1144 563 1245 606 sunt,
1282 558 1474 595 frumento

126 628 387 661 conseruntur.
447 622 598 662 Caetera
628 627 885 661 armentorum
913 622 1053 672 pabulo
1084 621 1234 659 cedunt.
1293 621 1474 671 Magnam

141 686 152 703 ³
170 685 307 723 deinde
327 690 476 736 partem
496 686 669 736 ejusdem
697 690 811 724 terrae
839 685 991 724 steriles
1011 697 1134 723 arenae
1152 688 1296 722 tenent.
1355 685 1472 734 Squa-

125 747 204 785 lida
224 748 396 786 siccitate
416 749 522 799 regio
541 761 618 786 non
635 748 839 795 hominem,
859 760 934 785 non
953 748 1104 797 frugem
1123 747 1203 784 alit.
1264 746 1365 785 Cum
1383 748 1474 785 vero

125 811 230 848 venti
252 825 274 848 a
294 811 456 849 Pontico
476 811 573 848 mari
592 811 751 860 spirant,
772 810 957 861 quicquid
986 810 1111 848 sabuli
1129 810 1169 847 in
1189 809 1332 860 campis
1357 811 1473 859 jacet,

125 878 364 911 converrunt.
438 872 553 919 Quod
584 873 653 912 ubi
686 873 922 911 cumulatum
958 878 1029 921 est,
1062 886 1286 923 magnorum
1318 872 1474 911 collium

122 936 257 986 procul
292 936 438 987 speeies
473 941 555 985 est3
587 936 788 987 omniaque
821 936 978 987 pristini
1011 937 1161 974 itineris
1180 936 1346 987 vestigia
1378 936 1473 973 inte-

124 1004 250 1037 reunt.
326 999 466 1050 Itaque
503 999 571 1051 qui
607 1003 809 1037 transeunt
845 1012 1011 1050 campos,
1049 999 1315 1050 navigantium
1360 998 1473 1037 modo

125 1067 243 1100 noctu
262 1062 391 1100 sidera
410 1062 627 1111 observant,
649 1062 698 1100 ad
730 1075 890 1113 quorum
920 1075 1074 1100 cursum
1101 1062 1176 1100 iter
1205 1062 1403 1113 dirigunt:
1434 1067 1473 1099 et

125 1125 401 1174 propemodum
431 1124 570 1163 clarior
603 1130 663 1162 est
691 1125 814 1163 noctis
845 1125 991 1173 umbra,
1013 1138 1127 1175 quam
1154 1124 1234 1162 lux.
1293 1125 1399 1176 Ergo
1421 1125 1470 1162 in-

124 1187 253 1225 terdiu
282 1188 386 1227 invia
417 1193 476 1226 est
505 1188 636 1240 regio:
666 1188 758 1238 quia
786 1201 856 1226 nec
877 1188 1094 1239 vestigium,
1114 1188 1216 1239 quod
1250 1194 1470 1240 sequantur,

125 1250 336 1299 inveniunt,
370 1255 408 1288 et
437 1251 540 1289 nitor
571 1251 595 1268 ²⁴¹
609 1251 779 1289 siderum
813 1251 974 1302 ealigine
1014 1251 1272 1290 absconditur.
1350 1251 1471 1291 Caete-

124 1314 213 1350 rum
245 1313 278 1351 si
309 1327 404 1364 quos
437 1314 503 1351 ille
533 1318 681 1361 ventus,
716 1314 782 1365 qui
816 1327 838 1351 a
867 1314 964 1351 mari
992 1315 1177 1362 exoritur,
1207 1314 1470 1366 deprehendit,

125 1378 241 1413 arena
278 1376 416 1414 obruit.
487 1376 564 1415 Sed
596 1378 673 1427 qua
705 1377 836 1415 mitior
869 1382 973 1414 terra
1010 1382 1079 1426 est,
1107 1378 1240 1428 ingens
1274 1378 1470 1416 hominum

123 1452 379 1490 equorumque
409 1439 618 1478 multitudo
638 1439 821 1491 gignitur.
879 1440 972 1490 Ipsa
1005 1440 1159 1488 Baetra,
1188 1441 1357 1492 regionis
1386 1444 1471 1492 ejus

123 1508 249 1552 caput,
270 1503 346 1540 sita
366 1508 456 1540 sunt
475 1503 546 1541 sub
564 1508 693 1541 monte
723 1503 983 1553 Parapamiso.
1042 1503 1208 1542 Bactrus
1237 1505 1358 1542 amnis
1377 1519 1472 1556 prae-

123 1566 215 1603 terit
245 1566 394 1603 moenia.
466 1565 509 1603 Is
541 1566 630 1605 urbi
663 1571 702 1604 et
733 1567 882 1617 regioni
917 1567 1026 1605 dedit
1054 1580 1202 1606 nomen.
1261 1568 1341 1606 Hie
1369 1568 1471 1620 Regi

123 1629 264 1666 stativa
296 1628 452 1667 habenti
482 1629 686 1667 nunciatur
716 1643 763 1667 ex
792 1629 944 1668 Graeeia
974 1629 1323 1681 Peloponnensium
1355 1631 1470 1670 Laco-

122 1704 287 1742 numque
320 1691 495 1730 defectio.
564 1692 749 1730 Nondum
779 1693 880 1730 enim
910 1694 1004 1732 victi
1033 1698 1152 1742 erant,
1186 1695 1276 1732 esim
1305 1696 1471 1745 proficis·

124 1759 300 1792 cerentur
321 1754 514 1792 tumultus
534 1756 616 1805 ejus
634 1755 822 1806 principia
840 1757 1068 1794 nunciaturi.
1110 1757 1165 1794 Et
1184 1756 1283 1794 alius
1301 1771 1469 1807 praesens

124 1822 245 1854 terror
265 1818 436 1866 affertur,
459 1818 633 1868 Scythas,
653 1819 719 1868 qui
749 1819 851 1856 ultra
883 1819 1047 1857 Tanaim
1077 1833 1224 1857 amnem
1244 1820 1386 1869 colunt,
1408 1822 1469 1859 ad—

123 1886 290 1928 ventare,
312 1880 433 1918 Besso
453 1881 618 1918 ferentes
639 1893 757 1931 opem.

208 1946 262 1980 17.
295 1943 443 1981 Eodem
475 1948 656 1994 tempore,
688 1957 773 1995 qua>
807 1944 846 1981 iu
877 1949 991 1995 geute
1022 1944 1206 1983 Ariorum
1229 1945 1401 1985 Caranus
1430 1954 1469 1986 et

126 2005 309 2055 Erigyius
339 2011 548 2056 gesserant,
579 2007 833 2056 perferuntur.
894 2006 1148 2046 Commissum
1179 2014 1262 2046 erat
1289 2010 1467 2059 praelium

124 2068 223 2105 inter
245 2068 472 2107 Macedones
492 2069 698 2121 Ariosque.
755 2070 970 2121 Transfuga
988 2071 1254 2110 Satibarzanes
1283 2072 1468 2112 Barbaris

123 2135 309 2180 praecrat:
352 2131 419 2181 qui
449 2133 538 2169 cum
569 2138 740 2182 pugnant
768 2145 922 2183 segnem
954 2133 1133 2185 utrinque
1166 2135 1288 2186 aequis
1320 2136 1467 2175 viribus

123 2199 224 2230 stare
261 2193 434 2240 vidisset,
475 2194 512 2231 in
549 2195 692 2245 primos
730 2196 881 2233 ordines
919 2196 1182 2247 adequitavit3
1233 2199 1466 2251 demptstque

121 2255 240 2307 galea,
271 2256 442 2294 inhibitis
476 2258 541 2308 qui
580 2258 658 2295 tela
683 2259 886 2308 jaciebant,
922 2261 951 2297 si
986 2261 1072 2311 quis
1109 2262 1252 2300 viritim
1287 2263 1465 2302 dimicare

122 2319 251 2367 vellet,
272 2321 493 2370 provocavit
524 2322 571 2359 ad
603 2336 780 2373 pugnam,
802 2323 946 2361 nudum
979 2339 1018 2362 sc
1047 2332 1161 2375 eaput
1192 2326 1229 2363 in
1258 2327 1463 2365 certamine

121 2383 349 2421 habiturum.
423 2384 509 2421 Non
531 2385 622 2422 tulit
642 2387 820 2424 ferociam
843 2387 1004 2425 Barbari
1027 2388 1106 2426 dux
1136 2389 1240 2427 illius
1264 2390 1462 2428 exercitiis

124 2446 316 2498 Erigyius,
336 2447 463 2498 gravis
483 2448 636 2499 quidem
657 2455 782 2498 astate,
804 2451 869 2489 sed
890 2457 927 2489 et
945 2453 1061 2489 animi
1082 2458 1117 2490 ct
1138 2453 1305 2504 corporis
1326 2453 1461 2492 robore
