1583 2680
444 167 605 193 mnan
645 167 738 193 vn.
780 167 889 193 CAr.
931 168 973 193 x.
1313 157 1378 194 171

49 258 257 296 morituros
303 258 421 296 fuisse
466 259 718 309 respondent:
757 271 856 297 nune
892 272 915 297 a
951 262 1058 296 tanto
1096 258 1204 309 Rege
1240 258 1384 297 victore

47 321 214 358 omnium
233 320 405 371 gentium
434 322 643 371 majoribus
673 321 752 360 suis
781 321 964 370 redditos,
984 321 1183 360 honestam
1210 326 1382 369 mortem,

46 397 160 434 quam
193 384 311 421 fortes
343 384 419 422 viri
452 389 542 422 voto
575 398 723 436 quoque
761 389 995 436 expeterent,
1031 384 1286 423 ¹carminibus
1324 386 1383 422 sui

45 447 161 484 moris
190 446 406 498 laetitiaque
439 447 638 486 celebrare.
711 448 810 486 Tum
843 447 931 486 Rex
959 447 1170 486 admiratus
1197 448 1381 498 magnitu-

45 509 172 547 dinem
192 509 319 557 animi,
341 512 363 530 “
382 509 521 555 Quaero
541 511 705 561 itaque,’‘
734 511 870 562 inquit,
901 513 985 548 “an
1003 510 1134 550 vivere
1153 510 1280 549 velitis
1307 524 1383 549 non

44 571 187 609 inimici
206 572 311 621 mihi,
332 574 442 622 eujus
460 573 642 611 beneficio
662 573 801 611 victuri
819 573 913 611 estis
927 573 944 610 *ἓ
957 573 979 593 ”
1033 573 1103 611 Illi
1129 574 1324 624 nunquam
1343 587 1383 611 se

44 635 244 673 'inimicos
277 635 323 684 ci,
358 636 426 673 sed
458 635 558 674 bello
590 635 799 684 lacessitos,
830 636 960 674 hostes
991 636 1109 675 fuisse
1140 636 1380 687 respondent.

45 697 87 735 Si
106 697 192 748 quis
225 697 327 748 ipsos
359 698 554 748 beneficio,
575 698 691 749 quam
722 698 864 748 injuria
884 699 1050 749 experiri
1077 699 1287 747 maluisset,
1308 712 1383 737 cer-

43 765 193 799 taturos
225 761 343 798 fuisse
376 775 424 799 ne
458 761 704 800 vincerentur
733 762 863 800 officio.
931 761 1278 813 Interrogantique,
1307 775 1380 813 quo

42 824 200 874 pignore
219 823 332 861 fidem
353 824 561 875 obligaturi
581 829 731 873 essent;
761 825 892 872 vitam,
911 838 1024 876 quam
1054 825 1280 875 acciperent,
1300 826 1379 876 pig-

45 886 129 923 nori
147 887 317 924 futuram
344 900 426 924 esse
457 887 654 935 dixerunt3
686 887 915 935 reddituros,
943 887 1258 939 quandocumque
1278 901 1380 938 repe-

43 951 167 986 tisset.
226 949 308 987 Nec
328 949 555 999 promissum
582 950 810 988 fefellerunt.
868 950 968 988 Nam
986 951 1052 1001 qui
1078 951 1228 988 remissi
1249 951 1381 988 domos

43 1012 178 1059 ierant,
199 1012 238 1049 in
257 1012 330 1059 fide
351 1013 574 1050 continuere
604 1012 816 1062 populares.
875 1012 1050 1057 Quatuor
1079 1013 1178 1051 inter
1205 1013 1383 1051 custodes

43 1075 212 1125 corporis
244 1075 386 1112 retenti
427 1074 526 1111 nulli
562 1074 816 1112 Macedonum
848 1075 886 1112 in
917 1074 1064 1125 Regem
1093 1075 1278 1114 charitate
1309 1089 1382 1114 ces-

44 1142 187 1176 serunt.

123 1204 182 1238 38.
213 1199 261 1238 In
295 1199 498 1251 Sogdianis
531 1200 721 1238 Peucolao
742 1213 829 1238 cum
859 1199 986 1239 tribus
1019 1200 1192 1239 millibus
1213 1201 1383 1251 peditum

44 1265 180 1316 (neque
208 1264 308 1302 enim
339 1266 483 1314 majore
515 1263 698 1315 praesidio
731 1263 946 1314 indigebat)
976 1263 1122 1312 relicto,
1144 1263 1287 1302 Baetra
1304 1278 1383 1315 per-

43 1328 158 1366 venit.
215 1327 315 1366 Inde
349 1327 514 1365 Bessum
546 1327 746 1366 Ecbatana
775 1327 865 1365 duci
893 1327 1021 1377 jussit,
1042 1327 1244 1365 interfecto
1265 1327 1383 1365 Dario

44 1403 172 1441 poenas
191 1391 315 1441 eapite
347 1390 643 1441 persoluturum.
703 1389 850 1428 Iisdem
883 1390 964 1428 fere
993 1390 1129 1429 diebus
1149 1390 1383 1429 Ptolemaeus

44 1459 84 1491 et
103 1453 280 1491 Menidas
310 1453 483 1503 peditum
514 1453 592 1490 tria
623 1452 756 1500 millia,
777 1457 817 1490 et
836 1453 983 1504 equites
1012 1453 1119 1491 mille
1139 1453 1384 1491 adduxerunt

45 1516 216 1554 mercede
246 1516 502 1553 militaturos:
533 1515 758 1553 Alexander
791 1528 940 1566 quoque
973 1529 1021 1554 ex
1053 1516 1174 1566 Lycia
1195 1529 1281 1554 cum
1300 1517 1383 1567 pari

45 1591 201 1616 numero
233 1578 415 1628 peditum,
451 1582 490 1615 et
526 1577 752 1628 quingentis
792 1578 987 1628 equitibus
1013 1579 1129 1616 venit.
1205 1579 1382 1616 Totidem

45 1655 65 1679 e
101 1641 215 1692 Syria
243 1639 563 1690 Asclepiodorum
594 1639 859 1690 sequebantur.
917 1632 1130 1690 Antipater
1162 1640 1383 1679 Graecorum

45 1709 130 1742 octo
150 1703 281 1752 millia,
302 1703 341 1741 in
359 1703 468 1754 queis
486 1703 685 1754 quingenti
705 1703 853 1754 equites
882 1708 1002 1751 crant,
1022 1703 1186 1740 miserat.
1245 1703 1382 1754 Itaque

45 1768 215 1806 exercitu
250 1771 372 1813 aucto,
411 1766 460 1803 ad
492 1779 546 1814 ea,
584 1779 668 1816 quae
697 1765 910 1804 defectione
948 1765 1102 1804 turbata
1129 1771 1253 1813 crant,
1286 1780 1383 1804 com—

44 1830 218 1882 ponenda
235 1829 444 1880 processit:
475 1828 763 1879 interfectisque
784 1829 796 1846 ³
812 1829 1130 1866 consternationis
1150 1830 1381 1878 auctoribus,

44 1898 180 1946 quarto
201 1892 262 1930 die
282 1892 331 1930 ad
359 1892 500 1930 fiumen
522 1891 651 1931 Oxum
669 1896 895 1942 perventum
928 1896 1010 1929 est:
1038 1891 1113 1939 hie,
1141 1892 1232 1942 quia
1250 1893 1382 1930 limum

47 1957 164 2002 vehit,
184 1955 364 1994 turbidus
384 1967 532 2005 semper
551 1959 591 1992 ct
610 1954 819 1992 insalubris
839 1959 898 1992 est
929 1959 1034 2004 potu.
1090 1954 1228 2005 Itaque
1247 1961 1383 2005 puteos

47 2019 156 2056 miles
174 2022 340 2068 coeperat
357 2017 497 2056 fodere.
557 2016 640 2054 Nee
662 2021 787 2054 tamen
806 2017 920 2054 humo
941 2017 1021 2054 alte
1041 2019 1173 2068 egesta
1193 2018 1384 2056 existebat

48 2082 195 2128 humor,
215 2081 304 2118 cum
335 2080 376 2118 in
406 2080 488 2131 ipso
508 2079 753 2118 tabernaculo
774 2079 896 2131 Regis
928 2085 1154 2130 conspectus
1186 2085 1245 2118 est
1272 2081 1382 2119 fons:

47 2157 171 2196 quem,
191 2142 282 2194 quia
299 2143 409 2180 tarde
427 2148 663 2192 notaverant,
684 2143 812 2181 subito
831 2143 1009 2181 extitisse
1027 2144 1230 2182 finxerunt.
1283 2144 1383 2183 Rex-

49 2219 121 2258 que
141 2206 221 2255 ipse
241 2204 346 2242 credi
363 2205 496 2253 voluit,
516 2205 657 2243 donum
676 2205 750 2243 Dei
769 2205 810 2243 id
829 2205 957 2243 fuisse.
1027 2205 1226 2256 Superatis
1246 2203 1384 2245 deinde

51 2268 224 2307 amnibus
247 2267 354 2306 Ocho
373 2272 412 2305 et
433 2266 531 2316 Oxo,
551 2268 599 2306 ad
618 2268 751 2307 urbem
772 2268 1005 2319 Marginiam
1032 2269 1216 2319 pervenit.
1276 2269 1386 2309 Circa

51 2346 134 2370 eam
165 2344 233 2369 sex
263 2329 413 2380 oppidis
443 2330 652 2368 condendis
686 2331 808 2370 electa
839 2331 947 2369 sedes
967 2336 1032 2369 est.
1091 2331 1178 2370 Duo
1197 2332 1245 2370 ad
1279 2332 1386 2369 meri-

53 2395 153 2432 diem
180 2406 300 2439 versa,
331 2397 493 2443 quatuor
528 2393 738 2442 spectantia
774 2393 983 2438 Orientem,
1018 2393 1176 2431 modicis
1212 2394 1311 2430 inter
1349 2407 1387 2431 se

56 2457 189 2508 spatiis
243 2455 448 2502 distabant,
494 2468 540 2492 ne
588 2455 718 2505 procul
763 2456 1012 2506 repetendum
1067 2462 1168 2494 essct
1216 2461 1387 2493 mutuum
