1583 2680
127 97 198 133 128
585 108 768 140 QUINTI
807 107 992 133 CURTH

121 198 268 248 tulisse,
290 199 356 237 sed
387 199 511 249 ipsum
543 204 622 237 tam
642 199 719 238 levi
752 199 897 237 auctori
925 199 1022 237 nihil
1049 199 1293 248 credidisse,''
1313 212 1463 250 respon·

120 261 200 299 dit:
230 263 436 301 “veritum
464 276 511 300 ne
538 263 710 313 jurgium
740 263 842 300 inter
861 267 1068 300 amatorem
1090 266 1128 300 et
1155 262 1360 310 exoletum,
1388 275 1462 299 non

120 325 202 362 sine
239 326 321 362 risu
359 326 533 375 aliorum,
580 325 793 363 detulisset.
871 325 967 364 Cum
1006 325 1180 375 Dymnus
1226 325 1464 363 interemerit

118 389 295 438 scipsum,
330 389 619 440 qualiacumque
652 394 771 437 crant,
810 401 886 426 non
923 389 1042 426 fuisse
1079 389 1336 426 reticenda:”
1367 401 1462 426 com-

117 451 330 502 plexusque
352 452 511 503 Regem,
533 465 642 490 orare
673 452 801 502 coepit,
824 454 907 489 “ut
936 452 1173 502 praeteritam
1191 452 1311 489 vitam
1330 452 1462 502 potius

117 516 232 565 quam
266 514 426 565 culpam,
457 516 601 553 silentii
638 520 778 563 tamen,
816 528 891 553 non
928 515 1021 553 facti
1053 515 1183 562 ullius,
1213 511 1461 552 intueretur.”

119 578 237 616 Haud
270 579 383 616 facile
423 579 598 627 dixerim,
639 579 893 616 credideritne
931 582 966 616 ci
1004 578 1103 626 Rex,
1142 592 1190 615 an
1218 578 1338 615 altilis
1366 578 1462 614 iram

117 642 384 692 suppresserit.
454 642 642 680 Dextram
672 642 927 680 reconciliatae
958 642 1094 693 gratiae
1124 642 1262 692 pignus
1293 640 1458 688 obtulit3

115 709 154 742 et
184 711 444 756 contemptum
479 706 600 756 magis
633 707 748 756 quam
783 705 947 743 celatum
980 705 1165 742 indicium
1203 716 1298 751 esse,
1336 703 1462 741 videri

115 768 188 805 sibi
208 769 317 805 dixit.

193 831 319 869 VIII.
351 834 410 868 23.
442 831 644 869 Advocato
678 835 807 867 tamen
840 830 1000 868 concilio
1035 830 1255 879 amicorum,
1283 829 1344 866 cui
1378 825 1473 866 tum⁴

116 893 290 931 Philotas
321 893 520 932 adhibitus
539 906 615 931 non
635 898 705 941 est,
728 893 1007 931 Nicomachum
1026 892 1220 930 introduci
1235 892 1357 942 jubet.
1417 892 1460 930 Is

113 957 244 994 eadem
276 970 360 1008 quae
395 956 586 994 detulerat
619 956 667 994 ad
705 956 865 1007 Regem,
904 956 1038 994 ordine
1076 956 1264 1006 exposuit.
1335 956 1344 974 ¹
1362 955 1461 994 Erat

116 1019 297 1059 Craterus
332 1020 434 1070 Regi
468 1033 578 1057 carus
606 1020 646 1057 in
679 1020 822 1071 paucis,
844 1024 884 1057 et
904 1020 947 1057 eo
970 1019 1152 1067 Philotae,
1173 1020 1221 1058 ob
1250 1019 1458 1058 aemulatio·

114 1097 198 1120 nem
218 1083 431 1134 dignitatis,
452 1083 647 1121 adversus.
704 1083 839 1134 Neque
871 1083 1085 1133 ignorabat,
1116 1096 1215 1133 saepe
1242 1082 1459 1120 Alexandri

114 1147 269 1184 auribus
288 1146 408 1183 nimia
437 1146 650 1195 jactatione
669 1145 828 1184 virtutis
862 1150 976 1197 atque
997 1158 1121 1195 operae
1153 1158 1306 1195 gravem
1326 1145 1457 1193 fuisse,

115 1214 152 1247 ct
172 1210 220 1248 ob
241 1223 284 1247 ea
303 1222 379 1246 non
399 1209 554 1259 quidem
573 1208 728 1247 sceleris
760 1209 827 1247 sed
847 1209 859 1226 ²
877 1208 1125 1246 contumaciae
1152 1213 1279 1245 tamen
1309 1221 1457 1259 suspee-

117 1278 205 1311 tum.
282 1272 372 1310 Non
410 1272 524 1309 aliam
569 1272 767 1322 premendi
812 1272 956 1309 inimici
993 1272 1227 1309 occasionem
1272 1272 1459 1322 aptiorem

115 1336 285 1373 futuram
315 1340 435 1383 ratus,
466 1336 477 1353 ³
494 1336 581 1373 odio
602 1349 669 1373 suo
689 1336 844 1386 pietatis
876 1335 1084 1386 praefcrcns
1116 1335 1305 1385 speciem:
1337 1338 1357 1356 “
1375 1335 1458 1374 Uti-

113 1401 236 1447 nam,’'
257 1400 393 1450 inquit,
416 1402 436 1420 “
455 1399 494 1436 in
527 1399 716 1449 principio
737 1399 911 1450 ⁴¹quoque
942 1399 1058 1449 hujus
1077 1399 1133 1436 rei
1152 1398 1349 1436 nobiscum
1370 1398 1459 1436 deli-

116 1464 310 1501 berasses:
341 1463 603 1512 suasissemus,
624 1463 656 1500 si
689 1462 857 1500 Philota}
876 1462 997 1500 velles
1029 1462 1238 1511 ignoscere,
1271 1462 1459 1511 patereris

114 1526 243 1576 potius
274 1526 447 1577 ignorare
477 1539 576 1574 eum,
596 1529 779 1576 quantum
809 1525 965 1563 deberet
996 1524 1081 1573 tibi,
1115 1526 1230 1575 quam
1262 1537 1380 1576 usque
1412 1525 1461 1562 ad

114 1589 247 1627 mortis
267 1594 411 1626 metum
431 1588 648 1637 adductum,
669 1601 821 1639 cogeres
840 1588 966 1639 potius
986 1587 1032 1626 dc
1051 1588 1221 1639 periculo
1242 1601 1321 1637 suo,
1342 1590 1459 1639 quzim

113 1654 160 1690 de
192 1658 258 1690 tuo
290 1653 456 1704 cogitare
475 1652 667 1691 beneficio.
725 1652 800 1690 Ille
820 1652 920 1690 enim
939 1665 1086 1702 semper
1114 1652 1288 1689 insidiari
1308 1652 1382 1690 tibi
1398 1665 1461 1702 po·

115 1717 229 1755 terit:
259 1721 301 1754 tu
330 1729 405 1754 non
435 1729 580 1765 semper
609 1715 778 1754 Philotae
795 1715 937 1766 poteris
965 1715 1170 1767 ignoscere.
1255 1714 1363 1752 ‘'Nee
1390 1719 1460 1762 est,

113 1780 212 1830 quod
231 1779 436 1827 existimes,
457 1792 543 1816 cum
562 1779 626 1829 qui
647 1783 798 1816 tantum
817 1779 964 1816 facinus
985 1791 1099 1815 ausus
1118 1783 1188 1826 est,
1209 1777 1321 1816 venia
1351 1791 1460 1828 posse

113 1843 262 1881 mutari.
322 1843 403 1881 Scit
421 1855 495 1890 eOS‚
516 1841 580 1892 qui
601 1842 612 1859 ‘¹
626 1841 923 1879 misericordiam
952 1846 1275 1891 consumpserunt,
1295 1841 1460 1891 amplius

114 1919 265 1956 sperare
284 1919 360 1943 non
378 1918 495 1956 posse.
579 1904 636 1942 At
655 1917 735 1955 ego,
756 1904 870 1941 etiam
891 1903 923 1941 si
952 1903 1043 1953 ipsc,
1064 1903 1124 1941 vel
1142 1903 1380 1953 poenitentia,
1400 1904 1460 1942 vel

114 1969 289 2007 beneficio
308 1974 372 2006 tuo
392 1969 528 2016 vietus,
550 1962 742 2019 ‹iuiesccre
760 1966 875 2015 volet,
896 1972 1043 2017 patrem
1060 1968 1143 2016 ejus
1160 1967 1460 2015 Parmenionem,

116 2032 212 2069 tanti
232 2031 361 2069 ducem
381 2031 588 2078 exereitus,
609 2036 648 2068 et
666 2031 677 2048 ⁷
692 2030 899 2068 inveterata
921 2029 1021 2079 apud
1049 2029 1193 2067 milites
1222 2035 1307 2068 tuos
1335 2036 1461 2068 aucto-

115 2095 240 2143 ritate,
261 2095 361 2131 haud
381 2095 546 2132 multum
566 2094 663 2131 infra
678 2093 949 2145 magnitudinis
973 2098 1047 2131 tua}
1066 2093 1261 2144 fastigium
1282 2094 1460 2143 positum,

117 2158 192 2195 scio
212 2171 286 2195 non
305 2171 411 2207 {equo
432 2157 558 2194 animo
578 2157 737 2194 salutem
756 2156 824 2193 filii
846 2156 904 2193 sui
927 2156 1145 2194 debiturum
1167 2156 1247 2194 tibi.
1279 2156 1462 2202 Quaedam

118 2221 295 2258 beneficia
314 2220 469 2258 odimus.
527 2220 713 2257 Meruisse
741 2224 899 2257 mortem
928 2220 1095 2258 confiteri
1116 2220 1268 2270 ⁸pudet.
1326 2220 1461 2270 Super-

117 2290 187 2332 est,
208 2289 251 2322 ut
271 2283 380 2321 malit
399 2283 519 2320 videri
543 2283 719 2332 injuriam
748 2283 943 2333 accepisse,
963 2285 1075 2333 quam
1104 2283 1231 2321 vitam.
1290 2283 1460 2321 Proinde

117 2348 225 2395 seito,
248 2347 318 2385 tibi
337 2360 421 2384 eum
443 2347 521 2383 illis
541 2346 584 2383 de
604 2346 725 2383 salute
747 2359 828 2383 esse
851 2347 1101 2395 pugnandum.
1173 2347 1275 2385 Satis
1294 2346 1459 2384 hostium

119 2416 298 2461 superest,
319 2410 366 2447 ad
386 2423 478 2460 quos
498 2409 771 2459 persequendos
794 2409 882 2446 ituri
906 2423 1043 2448 sumus.
1129 2410 1249 2448 Latus
1278 2423 1299 2447 a
1320 2409 1457 2447 domes-
