1583 2680
115 169 192 208 206
576 179 766 209 QUINTI
799 178 986 205 cunrn

117 272 190 310 fide
207 272 398 310 redditum
417 277 484 311 est.
541 273 681 321 Petrae,
709 270 948 323 regionisque
976 270 1012 308 ei
1043 269 1244 320 adjunctae,
1265 268 1455 308 Sisocosto

117 335 241 373 tutela
261 336 454 385 permissa.

196 398 296 436 XII.
339 401 398 436 39.
445 397 540 435 Inde
571 397 758 447 processit
796 396 1025 444 Embolima,
1062 400 1101 434 et
1137 396 1228 433 cum
1265 393 1460 445 angustias

119 461 270 499 itineris
292 461 460 500 obsideri
478 461 618 511 viginti
636 460 807 498 millibus
827 464 1059 497 armatorum
1079 458 1126 497 ab
1148 458 1275 508 Eryce
1295 457 1461 508 quodam

121 524 379 574 comperisset,
401 524 411 541 ¹
426 524 580 574 gravius
601 535 736 574 agmen
755 522 952 560 exercitus
976 521 1093 560 Coeno
1115 520 1331 558 ducendum
1358 520 1370 537 ²
1385 515 1461 556 mo-

121 586 216 623 dicis
236 587 440 625 itineribus
471 586 646 624 tradidit.
704 584 795 636 Ipse
828 597 1063 636 praegressus
1091 598 1175 622 cum
1194 583 1389 621 funditore
1420 595 1463 620 ae

123 649 333 699 sagittario,
355 649 570 688 deturbatis
605 649 672 700 qui
705 648 931 687 obsederant
966 648 1119 695 saltum,
1142 647 1391 698 sequentibus
1426 658 1466 683 se

123 712 240 761 copiis
259 712 358 749 viam
378 712 480 749 fecit.
538 711 629 749 Indi
660 711 739 749 sive
760 711 847 748 odio
879 710 998 758 ducis,
1020 710 1100 748 sive
1125 709 1288 760 gratiam
1306 708 1467 747 victoris

125 774 247 825 Regis
275 774 420 821 inituri,
445 774 611 823 Erycem
630 773 844 823 fugientem
871 772 998 810 adorti
1025 772 1315 819 interemerunt,
1337 775 1465 821 caput-

123 850 195 886 que
216 838 298 886 ejus
332 841 445 887 atque
464 849 569 873 arma
601 836 649 873 ad
677 835 943 873 Alexandrum
974 834 1205 872 detulerunt.
1274 834 1350 872 Ille
1368 820 1469 871 facto

125 901 393 949 impunitatem
425 899 545 947 dedit,
574 899 757 937 honorem
792 898 997 949 denegavit
1029 897 1212 948 exemplo.
1284 897 1389 935 Hine
1422 896 1471 934 ad

125 963 266 1000 flumen
300 962 443 1000 Indum
471 962 593 1000 sextis
622 962 778 999 decimis
798 961 936 999 castris
966 961 1150 1011 pervenit,
1181 960 1381 1011 omniaque
1412 959 1472 1008 (ut

127 1027 378 1076 praeeeperat)
413 1025 462 1062 ad
493 1025 766 1075 trajiciendum
793 1029 1008 1075 praeparata
1040 1023 1087 1062 ab
1121 1023 1397 1074 Hephaestione
1416 1035 1470 1060 re-

127 1089 237 1139 perit.
295 1088 525 1139 ³Regnabat
556 1088 595 1125 in
629 1090 674 1126 eft
707 1088 863 1139 regione
895 1087 1070 1137 Omphis,
1090 1087 1156 1138 qui
1176 1086 1305 1136 ⁴patri
1323 1098 1472 1136 quoque

129 1152 255 1189 fuerat
274 1157 408 1189 auctor
428 1151 593 1189 dedendi
629 1165 789 1201 regnum
820 1150 1052 1189 Alexandro.
1113 1149 1167 1187 Et
1194 1154 1282 1200 post
1308 1153 1472 1186 mortem

129 1215 299 1265 parentis
318 1214 463 1266 legatos
482 1214 652 1262 miserat,
672 1214 739 1265 qui
765 1213 1007 1252 consulerent
1039 1225 1136 1260 eum,
1157 1225 1317 1263 regnare
1350 1224 1389 1248 se
1420 1211 1472 1248 in-

130 1278 244 1315 terim
261 1277 391 1325 vellet,
412 1291 459 1314 an
491 1277 684 1327 privatum
718 1277 884 1327 opperiri
919 1278 1001 1326 ejus
1035 1276 1264 1325 adventum3
1294 1274 1470 1325 ‘'permis-

131 1353 247 1391 soque
266 1345 311 1377 ut
329 1345 516 1392 regnaret,
535 1353 611 1378 non
644 1345 771 1378 tamen
803 1341 868 1389 jus
900 1339 1033 1377 datum
1065 1351 1251 1389 usurpare
1280 1337 1472 1375 sustinuit.

133 1404 175 1441 Is
205 1404 368 1454 benigne
388 1403 542 1454 quidem
569 1408 770 1453 exceperat
804 1402 1132 1453 Hephaestionem‚
1153 1401 1368 1453 gratuitum
1396 1401 1473 1438 fru-

132 1472 303 1504 mentum
323 1467 441 1517 eopiis
471 1468 554 1516 ejus
582 1466 810 1504 admensus:
841 1465 943 1503 ⁶non
970 1470 1098 1502 tamen
1118 1465 1153 1502 ei
1179 1468 1408 1511 occurrerat,
1428 1476 1476 1500 ne

132 1530 246 1567 fidem
264 1529 392 1577 ullius,
413 1529 487 1566 nisi
514 1529 647 1580 Regis,
668 1528 921 1579 experiretur.
979 1527 1117 1579 Itaque
1136 1527 1306 1565 venienti
1325 1526 1479 1566 obviam

134 1604 220 1628 cum
252 1597 395 1629 armato
434 1591 602 1629 exercitu
635 1603 810 1642 egressus
840 1595 908 1628 est.
978 1590 1186 1641 Elephanti
1221 1602 1383 1641 quoque,
1411 1601 1480 1640 per

134 1654 283 1692 modica
302 1655 505 1693 intervalla
524 1654 690 1692 militum
712 1654 854 1705 agmini
882 1653 1061 1702 immixti,
1080 1652 1213 1704 procul
1233 1652 1480 1691 castellorum

136 1718 305 1756 fecerant
325 1718 499 1768 speciem.

217 1783 276 1818 40.
306 1781 366 1818 Ac
399 1781 522 1831 primo
544 1779 777 1828 Alexander,
797 1792 872 1818 non
903 1780 1057 1828 socium,
1078 1779 1145 1817 sed
1174 1779 1324 1817 hostem
1343 1777 1479 1817 adven-

138 1849 218 1882 tare
257 1844 445 1883 credebat.
521 1843 686 1894 Jamque
734 1849 773 1880 et
810 1843 891 1892 ipse
930 1855 1036 1879 arma
1072 1842 1216 1879 milites
1255 1854 1402 1891 capere,
1441 1846 1480 1879 et

137 1908 285 1958 equites
306 1907 501 1944 discedere
530 1906 568 1943 in
587 1919 706 1943 cornu
731 1907 912 1955 jusserat,
929 1909 1082 1955 paratos
1102 1904 1151 1942 ad
1179 1917 1356 1956 pugnam.
1417 1904 1475 1941 At

139 1971 272 2019 Indus,
294 1971 446 2022 cognito
476 1969 728 2007 Macedonum
762 1981 899 2015 errore,
917 1967 1036 2017 jussis
1069 1967 1279 2006 subsistere
1312 1967 1478 2015 caeteris,

140 2034 219 2083 ipse
240 2035 407 2071 eoncitat
428 2046 579 2084 equum,
599 2044 674 2082 quo
693 2030 913 2069 vehebatur.
955 2030 1065 2067 Idem
1085 2030 1310 2068 Alexander
1329 2043 1480 2082 quoque

140 2097 254 2134 feeit:
285 2097 363 2134 sive
384 2096 516 2143 hostis,
539 2095 617 2132 sive
638 2094 780 2131 amicus
796 2098 1020 2142 occurreret,
1040 2094 1051 2110 ⁷
1066 2092 1128 2131 vel
1149 2095 1221 2131 suti.
1240 2093 1398 2142 virtute,
1419 2092 1483 2131 vel

141 2160 245 2197 illius
275 2159 348 2196 fide
382 2164 500 2195 tut-us.
560 2158 730 2204 Contere,
759 2156 861 2208 quod
895 2169 941 2193 ex
974 2156 1174 2207 utriusque
1207 2156 1320 2194 vultu
1352 2145 1501 2207 posset*

142 2222 317 2273 intelligi,
339 2221 469 2259 amieis
489 2221 626 2258 animis
645 2233 651 2257 :
682 2221 865 2257 caetersun
886 2219 966 2257 sine
997 2220 1204 2270 interprete
1233 2232 1309 2257 non
1328 2224 1481 2270 poterat

141 2286 286 2323 conseri
317 2297 450 2324 sermo.
509 2284 646 2334 Itaque
681 2283 853 2320 adhibito
887 2296 941 2329 eo,
971 2282 1167 2320 Barbarus
1201 2283 1412 2320 occurrisse
1442 2295 1482 2320 se

141 2349 241 2387 dixit
260 2362 345 2386 cum
365 2347 548 2394 exercitu,
571 2352 669 2384 totas
704 2346 852 2396 imperii
884 2347 985 2384 vires
1014 2346 1187 2396 protinus
1218 2345 1476 2394 traditurum;

141 2425 208 2449 nec
229 2414 452 2460 expectasse
480 2409 569 2447 dum
590 2422 656 2459 per
675 2409 830 2446 nuncios
852 2409 1010 2447 daretur
1030 2408 1134 2447 fides.
1195 2408 1344 2458 Corpus
1371 2420 1481 2445 suum

144 2480 182 2513 et
214 2488 373 2526 regnum
406 2473 626 2525 permittere
658 2472 728 2520 illi,
749 2485 860 2523 quem
893 2472 1009 2510 sciret
1038 2471 1194 2522 ‘gloriae
1227 2470 1479 2509 militantem:
