1583 2680
147 122 219 158 146
604 132 785 164 QUINTI
823 131 1007 158 cunTn

136 226 296 263 fratrem
330 225 413 274 ejus
444 223 702 273 Polemonem,
723 224 770 262 (le
798 237 872 275 quo
893 223 981 261 ante
1003 223 1148 262 dietum
1178 228 1248 275 est,
1266 225 1476 276 fugientem

136 288 341 336 consecuti,
376 288 546 325 vinetum
578 287 822 326 reducebant.
894 286 1046 325 Infesta
1073 287 1203 326 concio
1231 288 1298 326 vix
1326 288 1477 327 inhibui

134 351 271 400 potuit,
291 351 383 402 quin
414 351 586 401 protiniis
617 363 685 388 suo
705 363 810 388 more
841 362 935 388 saxa
963 350 1003 387 in
1022 363 1109 388 eum
1132 352 1287 400 jaceret.
1344 351 1476 401 Atque

134 413 199 450 ille
248 414 337 450 sane
374 413 586 461 interritus,
627 412 813 460 “Nihil,⁷'
854 412 992 463 inquit,
1031 415 1136 463 “pro
1175 426 1236 450 me
1280 412 1476 463 deprecor,

136 477 144 493 ¹
162 476 274 513 modo
293 489 340 513 ne
360 476 523 513 fratrum
556 476 784 514 innocentiae
802 476 896 527 fuga
927 475 1140 526 imputetur
1167 489 1261 513 mea.
1319 475 1416 513 Haec
1445 475 1478 512 si

134 539 289 576 defendi
320 552 397 577 non
426 543 566 590 potest,
587 552 715 577 meum
747 539 892 577 crimen
922 539 982 577 sit.
1041 538 1195 576 Horum
1216 539 1263 577 ob
1283 538 1324 576 id
1351 538 1478 589 ipsum

132 602 268 639 melior
306 607 365 640 est
402 615 526 651 eausa,
560 602 664 653 quod
698 615 778 653 ego,
815 602 882 653 qui
913 602 1079 653 profugi,
1118 607 1319 652 suspectus
1356 602 1477 639 sum.’'

134 664 231 701 Haec
251 665 402 703 elocuto
420 665 601 703 universa
628 666 758 703 concio
780 677 934 702 assensa
963 669 1031 702 est.
1089 665 1101 682 ²
1117 664 1317 714 Lacrymae
1338 663 1476 701 deinde

132 727 308 765 omnibus
326 741 479 765 manare
499 732 707 778 coeperunt,
728 728 822 765 adeo
853 727 894 764 in
927 726 1163 764 contrarium
1182 726 1339 776 repente
1358 731 1477 763 muta-

133 788 195 835 tis,
225 794 269 826 ut
301 789 426 827 solum
459 802 528 839 pro
557 802 601 827 eo
631 793 733 826 esset
763 788 866 839 quod
893 788 1062 826 maxime
1091 788 1255 826 laeserat.
1314 788 1479 827 Juvenis

131 855 213 887 erat
231 851 353 900 primo
373 851 500 889 aetatis
519 851 609 889 flore
635 851 859 901 pubescens,
880 864 993 902 quem
1020 851 1122 889 inter
1142 851 1290 902 equites
1310 855 1476 889 tormen-

131 913 181 949 tis
201 913 370 952 Philotae
389 914 636 953 conturbatos
655 914 667 931 ³
680 914 828 952 alienus
847 918 974 952 terror
992 914 1214 952 abstulerat.
1272 913 1479 952 Desertum

130 989 217 1013 eum
237 989 259 1013 a
279 977 498 1025 comitibus,
519 981 559 1015 et
589 977 834 1016 haesitantem
865 977 967 1015 inter
985 977 1205 1016 revertendi
1234 977 1479 1028 fugiendique

130 1039 343 1089 eonsilium,
361 1040 429 1091 qui
448 1040 572 1078 secuti
591 1044 711 1089 erant,
725 1045 1018 1091 occupaverunt.
1077 1039 1119 1078 Is
1139 1046 1223 1078 tum
1241 1041 1331 1078 flere
1351 1040 1478 1090 eoepit,

130 1107 169 1140 et
189 1115 230 1141 os
249 1115 361 1140 suum
380 1103 666 1151 converberare,
685 1103 698 1120 ¹
712 1108 870 1141 moestus
888 1116 964 1141 non
996 1116 1104 1141 suam
1123 1103 1254 1150 vicem,
1285 1102 1352 1140 sed
1370 1116 1477 1153 prop-

129 1169 189 1202 ter
217 1165 343 1216 ipsum
361 1165 666 1216 periclitantium
695 1165 869 1203 fratrum.
928 1165 1182 1216 Moveratque
1207 1167 1288 1215 jam
1317 1165 1477 1217 Regem,

128 1240 204 1265 non
233 1228 451 1266 concionem
478 1227 616 1266 modo:
646 1228 714 1266 sed
745 1241 844 1266 unus
863 1232 945 1266 erat
972 1228 1225 1278 implacabilis
1253 1229 1383 1277 frater,
1412 1229 1478 1280 qui

130 1291 296 1329 terribili
315 1291 428 1330 vultu
446 1291 602 1329 intuens
622 1304 721 1340 eum,
753 1294 774 1312 “
790 1291 927 1340 Tum,⁷’
957 1291 1023 1340 ait,
1045 1291 1238 1330 “demens
1268 1292 1478 1342 lacrymare

129 1353 327 1402 debueras,
372 1356 457 1391 esim
505 1366 602 1404 equo
639 1353 802 1391 calcaria
840 1353 1035 1402 subderes,
1082 1355 1247 1392 fratrum
1294 1354 1477 1401 desertor,

129 1421 168 1454 et
187 1416 425 1454 desertorum
458 1429 595 1454 comeS.
653 1416 787 1464 Miser,
807 1417 896 1467 que,
917 1421 957 1454 et
981 1416 1085 1454 unde
1112 1417 1322 1468 fugiebas?
1378 1418 1478 1456 Effe·

128 1479 217 1517 cisti
248 1484 293 1516 ut
323 1492 410 1517 reus
444 1479 581 1529 capitis
611 1479 859 1517 accusatoriis
892 1484 1022 1518 uterer
1057 1479 1227 1518 verbis.’'
1284 1480 1360 1518 Ille
1396 1494 1478 1531 pee-

128 1545 236 1580 casse
267 1555 320 1591 sc,
351 1542 418 1580 sed
449 1542 602 1594 gravius
635 1542 676 1579 in
704 1542 857 1591 fratres,
885 1542 1002 1594 quam
1030 1542 1072 1580 in
1100 1543 1360 1594 semetipsum,
1388 1544 1480 1582 fate-

129 1606 251 1644 batur.

207 1672 241 1707 5.
275 1668 375 1706 Tum
417 1669 520 1717 vero,
558 1681 683 1720 neque
728 1668 922 1719 lacrymis,
961 1681 1084 1720 neque
1129 1669 1478 1719 acclamationibus,

127 1732 267 1783 quibus
287 1732 416 1770 studia
435 1745 505 1770 sua
532 1731 743 1770 multitudo
769 1733 983 1782 profitetur,
1012 1737 1332 1783 temperaverunt.
1390 1733 1479 1772 Una

126 1808 202 1834 vox
221 1800 304 1834 erat
332 1795 418 1846 pari
432 1795 573 1834 emissa
592 1808 790 1843 consensu,
810 1799 856 1833 ut
885 1795 1104 1834 insontibus
1132 1800 1173 1834 et
1199 1796 1364 1835 fortibus
1383 1797 1478 1835 viris

127 1863 311 1910 parceret.
369 1858 502 1897 Amici
531 1870 694 1909 quoquc,
729 1857 820 1895 data
853 1858 1129 1896 miserieordiae
1163 1859 1372 1909 occasione,
1393 1873 1477 1898 eon-

128 1927 304 1974 surgunt,
324 1921 532 1973 flentesque
562 1921 711 1972 Regem
739 1920 1006 1972 deprecantur.
1077 1921 1164 1969 Ille,
1186 1921 1340 1960 silentio
1361 1923 1477 1971 sacto,

128 1988 150 2006 “
168 1985 223 2023 Et
242 1986 362 2036 ipse,’'
383 1985 521 2036 inquit,
553 1985 573 2006 ‘⁶
590 1984 802 2035 Amyntam
827 1987 915 2022 mea
947 1984 1141 2022 sententia
1161 1985 1373 2037 fratresque
1394 1988 1477 2036 ejus

129 2048 294 2086 absolvo.
353 2048 438 2087 Vos
470 2052 611 2096 autem,
638 2049 811 2098 juvenes,
845 2047 945 2085 malo
978 2047 1152 2087 beneficii
1185 2049 1261 2087 mei
1289 2048 1476 2097 oblivisci,

128 2113 244 2163 quam
264 2112 426 2162 periculi
441 2113 558 2151 vestri
572 2112 801 2150 meminisse.
860 2111 1010 2150 Eadem
1025 2112 1099 2150 fide
1113 2113 1236 2152 redite
1256 2113 1296 2151 in
1313 2113 1477 2164 gratiam

129 2188 287 2222 meeum,
308 2177 385 2226 qua
405 2175 486 2226 ipse
506 2175 701 2215 vobiscum
727 2180 908 2214 revertor.
968 2176 1004 2214 N
1011 2176 1057 2214 isi
1077 2190 1163 2228 qum
1191 2176 1320 2215 delata
1339 2182 1477 2227 essent,

130 2240 141 2256 ⁶
156 2239 419 2289 excussissem,
438 2239 551 2278 valdo
583 2239 840 2278 dissimulatio
869 2253 954 2278 mea
974 2246 1152 2291 suspecta
1171 2254 1254 2279 esse
1273 2241 1474 2292 potuisset.

131 2303 209 2342 Sed
242 2303 364 2341 satius
383 2307 443 2341 est
475 2308 660 2355 purgatos
681 2316 775 2351 esse,
795 2305 912 2354 quam
941 2310 1148 2355 suspectos.
1208 2304 1386 2355 Cogitate
1414 2317 1476 2343 ne·

130 2367 271 2405 minem
291 2366 438 2405 absolvi
466 2379 590 2417 posse,
609 2367 685 2404 nisi
715 2367 780 2418 qui
801 2367 944 2405 dixerit
964 2381 1127 2406 causam.
1196 2368 1268 2416 Tu,
1289 2368 1473 2418 Amynta,

131 2431 278 2482 ignosce
316 2430 427 2468 fratri
458 2434 546 2468 tuo:
591 2430 666 2468 erit
699 2430 769 2469 hoc
800 2431 1052 2482 ‘’simplieiter
1080 2432 1195 2470 ctiam
1224 2431 1318 2469 mihi
1345 2443 1471 2469 recon-
