1583 2680
117 159 196 196 252
584 169 769 202 QU1N‘r1
805 169 990 195 CURTM

112 275 180 300 nec
201 275 311 300 ausos
330 275 553 315 repugnare,
576 262 760 301 tredecim
780 262 1030 301 asservandos
1047 261 1272 301 custodibus
1292 263 1463 314 corporis

115 326 287 363 tradidit.

192 387 275 426 III.
307 391 341 427 9.
375 388 472 434 Quis
493 389 666 426 crederet
688 401 827 427 saevam
846 388 961 439 paulo
982 389 1071 426 ante
1094 389 1314 428 concionem
1336 389 1461 429 obtor-

113 452 243 502 puisse
275 452 402 490 subito
435 453 571 490 metu?
601 457 652 501 et,
685 453 803 490 ¹ci'im
832 452 881 490 ad
916 452 1147 503 supplicium
1166 453 1318 491 videret
1346 454 1461 506 trahi,

111 516 207 554 nihil
227 529 340 553 ausos
359 516 537 568 graviora
556 517 674 567 quam
694 521 876 566 caeteros3

490 582 495 587 ’
892 577 920 620 [α
931 582 1000 610 tam
1011 579 1149 610 effusam
1162 582 1264 610 antea
1278 579 1459 617 licentiam,

110 635 213 675 atque
237 632 428 664 seditiosam
452 632 600 664 militum
630 631 829 663 violentiam
854 632 903 664 ita
930 643 1161 675 compressam,
1194 636 1234 664 ut
1263 644 1332 664 non
1362 634 1463 665 modo

110 687 223 718 nullus
240 697 281 718 ex
297 686 452 718 omnibus
468 685 612 717 irruenti
628 685 714 727 Regi
738 685 924 724 restiterit;
948 687 1066 717 verum
1083 685 1186 717 etiam
1204 686 1317 717 cuncti
1333 697 1461 728 pavore

111 740 293 772 exanimati
309 739 464 772 attonitis
481 739 613 778 similes,
633 739 715 782 quid
740 739 781 771 de
807 739 888 781 ipsis
904 740 1039 782 quoque
1066 740 1139 772 Rex
1156 740 1373 772 statuendum
1389 751 1462 773 cen-

109 797 206 833 seret,
221 795 382 836 suspensa
397 796 508 825 mente
526 793 763 835 expectarent?
810 792 823 812 3
835 792 982 836 Itaque],

1004 847 1106 891 ,sive
1143 848 1321 896 nominis,
1359 849 1463 900 quod

109 916 241 961 gentes
262 924 348 962 quae
369 910 438 949 sub
460 910 636 960 Regibus
668 914 758 948 sunt
790 911 889 948 inter
909 911 1013 949 Deos
1033 911 1176 960 colunt,
1198 912 1279 950 sive
1308 913 1463 963 propria

110 975 232 1025 ipsius
263 974 472 1022 veneratio,
505 974 585 1012 sive
617 974 757 1012 fiducia
789 975 900 1011 tanta
930 974 970 1013 vi
1001 975 1217 1013 exercentis
1248 975 1462 1027 imperium,

109 1038 322 1076 conterruit
342 1050 418 1086 eos,
441 1037 634 1088 singulare
655 1038 757 1075 certe
779 1037 984 1075 ediderunt
1002 1038 1201 1089 patientiae
1221 1039 1459 1089 exemplum3

108 1102 278 1153 adeoque
307 1114 383 1139 non
415 1104 504 1139 sunt
537 1100 684 1138 accensi
717 1100 904 1151 supplicio
931 1101 1242 1150 commilitonum,
1276 1102 1366 1139 cum
1393 1102 1462 1140 sub

107 1170 254 1204 noctem
283 1164 503 1202 interfectos
532 1176 613 1201 esse
644 1165 813 1213 nessent,
832 1167 876 1202 ut
907 1163 1004 1202 nihil
1032 1164 1240 1213 omiserint,
1259 1165 1360 1216 quod
1388 1165 1462 1204 sin-

107 1228 188 1280 guli
206 1228 326 1278 magis
347 1227 568 1265 obedienter
588 1240 630 1265 ac
657 1228 719 1278 pie
739 1228 920 1265 facerent.
978 1226 1082 1265 Nam
1110 1229 1199 1265 cum
1229 1233 1380 1278 postero
1400 1229 1462 1268 die

107 1290 291 1342 prohibiti
325 1290 434 1327 aditu
460 1291 664 1339 venissent,
685 1290 871 1328 Asiaticis
904 1290 1018 1328 modo
1050 1290 1240 1329 militibus
1273 1289 1460 1341 admissis,

108 1354 308 1406 lugubrem
327 1353 421 1391 totis
441 1353 578 1391 cast-ris
604 1353 758 1391 edidere
792 1353 1006 1402 clamorem,
1027 1353 1298 1392 denunciantes
1318 1367 1358 1393 sc
1377 1369 1461 1406 pro-

84 1418 216 1456 -t-inus
250 1430 331 1455 csse
365 1417 584 1465 morituros,
617 1417 651 1455 si
684 1417 772 1455 Rex
807 1421 1069 1467 perseveraret
1105 1417 1228 1456 irasci.
1299 1418 1357 1456 At
1394 1419 1461 1457 ille

107 1482 118 1499 ⁴
130 1481 338 1532 pervicacis
358 1480 406 1518 ad
436 1480 572 1529 omnia,
591 1493 676 1531 quae
695 1480 889 1531 agitfisset,
910 1479 1040 1528 animi,
1059 1480 1345 1532 peregrinorum
1362 1482 1461 1520 mili-

106 1550 190 1583 tum
210 1544 428 1582 concionem
449 1543 625 1582 advocari
651 1543 774 1593 jubet,
796 1542 1069 1582 Macedonibus
1097 1543 1200 1581 intra
1219 1549 1344 1582 castra
1363 1545 1461 1583 cohi-

105 1609 222 1658 bitis3
253 1613 291 1646 et
321 1609 410 1645 cum
438 1607 658 1658 frequentes
691 1609 872 1656 coissent,
904 1606 1076 1646 adhibito
1104 1607 1325 1659 interprete,
1344 1609 1461 1648 talem

107 1672 316 1711 orationem
333 1671 491 1710 habuit:

192 1737 247 1774 10.
279 1738 298 1756 “
318 1734 414 1774 Com
432 1747 479 1772 ex
498 1734 656 1785 Europa
677 1734 889 1784 trajicerem
918 1734 959 1772 in
987 1734 1134 1783 Asiam,
1155 1734 1295 1773 multas
1313 1735 1461 1774 nobiles

104 1805 248 1852 gentes,
267 1811 444 1850 magnam
462 1797 540 1836 vim
558 1797 752 1835 hominum
770 1797 928 1848 imperio
948 1811 1031 1836 mco
1058 1811 1117 1836 me
1136 1794 1359 1836 additurum
1379 1811 1459 1837 esse

105 1863 314 1913 sperabam.
386 1861 469 1899 Nec
499 1861 678 1912 deceptus
711 1873 805 1910 sum,
838 1861 960 1912 ‘’quod
997 1861 1042 1898 dc
1073 1861 1133 1898 his
1163 1859 1309 1898 credidi
1335 1861 1456 1900 famae.

106 1927 182 1965 Sed
215 1926 263 1964 ad
292 1925 359 1964 illa
386 1925 457 1963 hoc
476 1926 625 1976 queque
657 1924 826 1972 accessit,
845 1923 948 1975 qued
966 1924 1078 1962 video
1097 1923 1215 1962 fortes
1234 1923 1338 1962 viros
1368 1937 1460 1976 erga.

123 1991 231 2041 ’teges
252 2001 340 2027 suos
359 1989 513 2039 pietatis
544 1986 707 2026 invietae.
777 1987 891 2026 Luxu
909 1986 921 2003 ⁶
936 1987 1061 2024 omnia
1079 1986 1193 2024 fluere
1213 1986 1457 2037 credideram,

106 2057 145 2090 et
178 2052 297 2089 nimia
329 2052 515 2089 felicitate
547 2050 669 2102 mergi
699 2050 740 2088 in
769 2049 991 2100 voluptates.
1060 2049 1117 2088 At
1146 2049 1300 2088 hercule
1329 2051 1458 2089 munia

106 2115 257 2153 militiae
277 2115 347 2152 hoc
378 2115 589 2152 animorum
621 2126 893 2164 corporumque
923 2113 1057 2151 robore
1078 2113 1236 2165 impigre
1258 2114 1454 2165 toleratis;

105 2183 144 2216 ct
175 2182 259 2216 esim
290 2179 408 2216 fortes
428 2177 502 2216 viri
533 2177 632 2226 sitis,
664 2190 739 2215 non
767 2177 1032 2215 fortitudinem
1060 2177 1182 2229 magis
1201 2179 1315 2229 quiin]
1343 2178 1457 2217 fidem

105 2242 242 2280 colitis.
318 2241 429 2279 7Ποο
466 2254 535 2292 ego
573 2254 670 2278 nune
707 2240 866 2291 primum
904 2241 1093 2291 profiteor,
1132 2241 1199 2279 scd
1236 2241 1328 2280 olim
1365 2242 1454 2281 scio.

107 2306 243 2357 Itaque
276 2310 314 2343 et
348 2304 535 2342 delectum
565 2317 584 2341 e
604 2304 710 2342 vobis
737 2305 931 2353 juniorum
963 2305 1089 2354 habui,
1122 2314 1161 2342 et
1191 2318 1258 2343 vos
1287 2318 1455 2343 meorum

105 2369 273 2407 militum
303 2367 451 2419 corpori
484 2367 681 2406 immiscui.
740 2367 847 2406 Idem
879 2369 1044 2417 habitus,
1075 2369 1206 2406 eadem
1236 2382 1340 2406 arma
1367 2374 1456 2407 sunt

106 2433 223 2471 vobis.
285 2431 518 2483 Obsequium
539 2433 626 2469 vero
656 2437 695 2469 et
726 2432 911 2481 patientia
945 2432 1096 2483 imperii
1128 2432 1241 2484 longe
1273 2438 1455 2483 praestan·

106 2497 182 2534 tior
219 2500 277 2534 est
312 2496 426 2546 quum
472 2494 627 2534 caeteris
704 2495 809 2547 Ergi‘»
848 2495 928 2546 ipse
975 2495 1134 2535 Oxatris
1173 2495 1303 2534 Perseo
1338 2495 1454 2534 filiam
