1583 2680
412 187 573 213 Lmen
603 187 696 212 vir.
737 187 847 213 cAr.
888 187 1008 212 v111.
1309 176 1380 214 167

26 278 132 316 dum
152 277 202 316 ad
235 291 413 317 cacumen
446 279 644 330 pervenire
673 279 883 327 contendis,
912 292 998 317 cum
1026 279 1120 330 ipsis
1138 279 1265 328 ramis,
1285 293 1379 331 quos

38 341 382 393 comprehenderis,
421 342 586 380 decidas.
664 344 688 361 ¹²
706 342 786 381 Leo
830 355 980 394 quoqne
1026 343 1232 394 aliquando
1270 344 1378 381 mini·

37 417 183 442 marum
219 404 347 442 avium
372 404 573 454 ,pabulum
616 405 703 453 fuit,
742 410 782 443 et
817 405 961 443 ferrum
1004 405 1140 456 rubigo
1179 406 1377 443 consumit.

37 466 150 504 Nihil
179 471 308 504 tamen
338 467 490 505 firmum
509 472 578 515 est,
599 467 661 505 eui
694 467 906 518 periculum
932 480 1007 506 non
1035 468 1088 506 sit
1116 468 1230 506 etiam
1249 468 1296 506 ab
1325 469 1374 506 in-

35 529 201 567 valido.”

113 591 256 638 “Quid
287 592 399 631 nobis
432 597 558 631 tecum
591 593 682 631 est?
709 594 906 645 nunquam
938 598 1079 632 terram
1111 598 1216 632 tuam
1250 594 1374 645 attigi-

35 667 130 691 mus.
189 654 266 700 Qui
286 655 350 703 sis,
367 655 468 693 unde
488 656 630 703 venias,
652 656 675 674 ¹³
688 655 827 694 licetne
854 656 1029 708 ignorare
1057 657 1097 694 in
1114 657 1235 695 vastis
1255 657 1374 707 sylvis

34 716 286 756 viventibus?
313 731 382 756 nec
401 719 544 757 servire
563 719 634 756 ulli
662 731 886 769 possumns;
915 732 985 758 nec
1016 720 1202 770 imperare
1230 719 1372 758 deside-

34 792 172 817 ramus
248 780 359 818 Dona
402 780 511 819 nobis
551 782 576 799 ¹⁴
592 781 684 819 data
720 786 822 826 sunt,
858 794 906 819 ne
944 781 1176 832 Scytharum
1219 787 1373 833 gentem

34 842 207 893 ignores3
233 844 371 894 jugum
388 843 515 892 boum,
535 849 717 892 aratrum,
737 843 859 893 hasta,
881 845 1032 896 sagitta,
1053 850 1093 882 et
1110 850 1253 894 patera.
1296 845 1372 882 His

33 906 179 943 utimur
212 919 298 944 cum
335 907 479 954 amicis,
518 912 558 945 et
590 907 770 945 adversus
802 907 987 946 inimicos.
1059 907 1206 958 Fruges
1243 908 1372 945 amicis

34 967 180 1016 damus,
213 968 329 1007 boum
362 969 491 1007 labore
523 970 730 1020 quaesitas:
773 973 908 1020 patera
945 983 1031 1008 eum
1068 970 1205 1008 iisdem
1242 971 1371 1009 vinum

34 1030 122 1068 Diis
149 1031 339 1069 libamus:
370 1032 546 1070 inimicos
577 1033 720 1083 sagitta
750 1033 913 1080 eminus,
941 1033 1054 1071 hasta
1082 1033 1251 1071 cominus
1278 1034 1372 1084 peti-

32 1106 127 1131 mus.
198 1093 263 1132 Sic
283 1093 408 1144 Syriae
436 1094 596 1145 Regem,
617 1099 656 1132 et
685 1099 819 1145 postea
848 1095 1066 1142 Persarum,
1096 1095 1372 1147 Medorumque

34 1156 307 1207 superavimus,
336 1157 538 1208 patuitque
568 1156 681 1195 nobis
713 1157 788 1195 iter
819 1169 941 1208 usque
973 1157 1014 1194 in
1033 1157 1259 1208 AEgyptum.
1315 1160 1374 1196 At

33 1224 88 1267 tu,
108 1219 176 1270 qui
194 1224 232 1257 te
251 1219 430 1270 gloriaris
463 1219 512 1257 ad
542 1219 712 1258 latrones
739 1219 1023 1271 persequendos
1043 1232 1184 1270 vemre,
1203 1221 1371 1258 omnium

32 1282 216 1334 gentium,
236 1295 331 1334 quas
350 1282 480 1331 adisti,
500 1282 600 1320 latro
620 1295 671 1320 es.
727 1282 895 1333 Lydiam
921 1283 1068 1333 cepisti,
1099 1281 1251 1333 Syriam
1269 1296 1371 1321 occu-

33 1345 149 1395 pasti,
177 1345 378 1385 Persidem
402 1350 523 1394 tenes,
543 1345 772 1384 Bactrianos
802 1345 919 1384 habes
948 1345 990 1383 in
1019 1350 1223 1396 potestate,
1252 1346 1372 1384 Indos

34 1408 190 1458 petisti3
216 1409 299 1458 jam
331 1408 447 1447 etiam
480 1408 528 1446 ad
561 1421 699 1459 pecora
729 1412 863 1447 nostra
896 1421 1029 1447 avaras
1061 1413 1100 1447 et
1135 1409 1372 1447 insatiabiles

33 1482 166 1509 manus
184 1471 381 1520 porrigis.’'

112 1535 134 1553 “
152 1531 256 1577 Quid
274 1532 348 1570 tibi
367 1532 514 1571 divitiis
534 1545 629 1583 opus
649 1538 709 1571 est
726 1545 813 1584 quae
834 1537 872 1571 te
891 1533 1035 1571 esurire
1053 1538 1195 1584 cogunt
1211 1533 1229 1571 ‘?
1285 1534 1370 1572 Pri-

34 1607 118 1632 mus
138 1594 306 1632 omnium
339 1595 517 1632 satietate
548 1595 696 1645 parasti
714 1595 868 1642 famem,
887 1600 934 1634 ut
961 1597 1037 1646 quo
1064 1595 1177 1646 plura
1201 1596 1372 1645 haberes,

34 1657 168 1705 acrius,
187 1670 273 1709 quae
290 1670 368 1695 non
400 1657 530 1705 habes,
551 1670 720 1708 cuperes.
778 1657 804 1676 ¹⁶
818 1657 909 1696 Non
935 1658 1126 1696 succurrit
1154 1658 1237 1706 tibi,
1257 1660 1373 1710 quam

34 1720 101 1758 diu
133 1720 277 1758 circum
309 1719 454 1758 Bactra
486 1720 664 1758 haereas‘?
736 1720 840 1758 Dum
877 1719 964 1758 illos
998 1719 1158 1771 subigiS,
1192 1719 1374 1770 Sogdiani

33 1782 174 1822 bellare
201 1788 406 1833 coeperunt.
475 1783 629 1821 Bellum
664 1783 736 1822 tibi
763 1796 812 1822 ex
838 1782 999 1822 victoria
1025 1782 1204 1821 nascitur.
1273 1782 1373 1821 Nam

34 1846 58 1864 ¹⁸
70 1851 114 1884 ut
138 1846 258 1896 major
283 1845 492 1897 fortiorque
520 1846 574 1884 sis
591 1847 706 1898 quam
723 1846 943 1897 quisquam;
974 1851 1103 1884 tamen
1128 1845 1375 1897 alienigenam

31 1908 227 1948 dominum
251 1909 333 1959 pati
359 1921 468 1947 nemo
495 1909 590 1948 vult.
646 1908 784 1947 Transi
803 1909 916 1947 modo
937 1908 1117 1959 Tanaim3
1149 1909 1244 1947 scies
1261 1922 1374 1960 quam

30 1971 108 2011 law
128 1973 152 1990 ¹⁷
163 1975 328 2022 pateant,
346 1973 544 2024 nunquam
558 1976 690 2019 ,tamen
713 1972 952 2023 consequeris
981 1971 1152 2022 Scythas.
1208 1971 1374 2022 Pauper-

31 2039 91 2072 tas
121 2039 254 2072 nostra
269 2033 432 2073 velocior
450 2034 536 2083 erit,
554 2035 669 2086 quam
696 2035 887 2074 exercitus
913 2039 1016 2084 tuus,
1035 2034 1101 2086 qui
1130 2035 1297 2085 praedam
1316 2040 1374 2072 tot

31 2096 227 2135 nationum
243 2096 359 2136 vehit.
415 2096 567 2136 Rursus
585 2099 673 2136 cum
686 2097 818 2148 procul
836 2097 970 2136 abesse
987 2110 1055 2135 nos
1070 2097 1212 2146 credes,
1227 2097 1374 2136 videbis

31 2161 73 2198 in
90 2159 170 2197 tuis
186 2159 342 2209 castris;
373 2159 507 2198 eadem
525 2161 626 2199 enim
642 2161 846 2200 velocitate
866 2165 904 2198 et
923 2160 1125 2212 sequimur,
1139 2165 1178 2198 et
1195 2161 1371 2212 fugimus.

33 2222 266 2274 Scytharum
290 2222 518 2261 solitudines
538 2223 684 2263 Graecis
711 2224 824 2262 etiam
851 2222 1065 2274 proverbiis
1087 2223 1201 2262 audio
1222 2224 1245 2242 ¹³
1259 2223 1371 2263 eludi.

33 2287 91 2325 At
108 2297 176 2323 nos
195 2284 345 2322 deserta
363 2290 404 2322 et
430 2284 594 2324 humano
621 2287 730 2325 cultu
755 2299 886 2335 vacua,
905 2286 1028 2338 magis
1054 2288 1169 2338 quam
1195 2286 1309 2325 urbes
1335 2292 1374 2324 et.

31 2348 232 2400 opulentos
249 2360 361 2399 agros
381 2348 406 2366 ¹⁹
417 2348 642 2399 sequimur.⁷‘

113 2409 322 2450 “Proinde
353 2409 543 2448 fortunam
571 2415 677 2449 tuam
705 2412 847 2462 pressis
879 2411 1055 2451 manibus
1085 2416 1193 2450 tene:
1231 2409 1374 2449 lubrica

34 2477 104 2523 est,
136 2486 205 2512 nec
242 2473 364 2512 invita
399 2473 520 2511 teneri
550 2475 739 2524 potest:²⁰
781 2475 942 2514 Salubre
971 2474 1169 2513 consilium
1202 2485 1370 2524 sequens,

1485 1852 1500 1861 ι
