1583 2680
86 144 160 181 178
549 152 732 185 QUINTI
769 151 952 178 cunrrr

80 247 281 286 debentem
310 245 471 284 salutem
497 258 613 284 suam.
669 246 694 263 ²¹
712 244 849 296 Itaque
880 247 968 295 post
1000 242 1289 294 expeditionem,
1308 256 1420 294 quam

79 310 107 329 ¹²
122 310 203 348 sine
223 323 266 348 eo
285 309 440 347 fecisset
458 309 538 359 ipse
558 309 598 346 in
618 308 787 359 Illyrios,
807 308 992 346 victorem
1012 307 1207 357 scripsisse
1237 319 1278 344 se
1306 306 1420 357 patri,

79 375 186 411 fusos
222 374 448 424 fugatosque
493 372 635 420 hostes,
672 384 741 408 nee
778 370 931 408 affuisse
975 383 1137 421 usquam
1183 369 1419 420 Philippum.

81 437 214 474 Laude
248 436 384 486 dignos
415 447 510 482 esse,
541 447 617 472 non
650 434 678 452 ²³
692 434 758 485 qui
791 433 1082 472 Samothracum
1114 433 1224 470 initia
1242 432 1421 479 viserent,

79 501 168 538 cum
188 499 325 537 Asiam
343 498 404 536 uri
435 497 653 549 vastarique
673 501 848 548 oportet,
880 497 947 535 sed
967 510 1042 545 eos,
1063 496 1130 548 qui
1161 495 1423 548 magnitudine

78 576 206 601 rerum
224 563 337 600 fidem
356 560 660 599 antecessissent.

157 627 192 664 4.
223 625 321 663 Haec
359 629 398 662 et
433 623 494 661 his
539 623 680 662 similia
724 622 806 662 laeti
843 622 999 660 audiere
1041 623 1226 672 juvenes:
1274 620 1425 672 ingrata

78 688 290 727 senioribus
324 691 445 735 erant,
474 686 638 725 maxime
669 691 826 737 propter
859 685 1096 735 Philippum,
1132 685 1203 723 sub
1236 697 1310 735 quo
1345 684 1423 721 diu-

78 752 159 788 tins
179 751 365 789 vixerant.
425 750 524 788 Tum
553 749 693 797 Clitus,
716 762 764 786 ne
783 750 865 799 ipse
885 748 1042 799 quidem
1062 747 1156 785 satis
1183 747 1346 795 sobrius,
1375 747 1425 784 ad

77 827 152 862 eos,
169 814 235 865 qui
254 814 354 850 infra
373 813 499 863 ipsum
517 813 546 830 ²⁴
563 812 765 860 cubabant,
787 823 1005 859 conversus,
1026 810 1053 828 ²⁶
1067 810 1269 860 Euripidis
1288 810 1425 848 retulit

76 890 239 925 carmen,
273 876 297 893 ²⁰
312 877 368 913 ita
400 879 444 913 ut
463 887 579 914 sonus
608 873 732 926 magis
764 875 881 926 quam
919 887 1042 912 sermo
1081 874 1258 912 exaudiri
1294 879 1425 924 posset

76 954 98 977 a
135 940 256 990 Rege.
331 938 416 984 Quo
456 937 752 989 significabatur,
792 937 970 975 ²⁷“ma1e
1015 937 1229 975 instituisse
1269 936 1424 976 Graecos

75 1002 178 1053 qued
196 1001 350 1052 tropaeis
363 994 517 1052 Regum
529 1000 721 1038 duntaxat
738 1000 892 1038 nomina
906 1000 1216 1039 inscriberentur.
1247 999 1273 1017 ²⁸
1281 1000 1423 1038 Alieno

77 1066 178 1103 enim
197 1065 380 1116 sanguine
409 1069 560 1115 partam
589 1064 752 1115 gloriam
780 1063 995 1114 intercipi.’'
1051 1063 1190 1114 Itaque
1219 1063 1309 1101 Rex
1337 1076 1423 1100 cum

76 1129 339 1180 suspicaretur
361 1129 387 1146 ²⁹
400 1128 609 1179 malignius
642 1128 817 1166 habitum
851 1140 932 1165 esse
962 1140 1185 1174 sermonem,
1206 1126 1423 1177 percontari

75 1193 270 1243 proximos
304 1192 429 1242 coepit,
450 1192 544 1242 quid
576 1204 625 1229 ex
657 1191 760 1230 Clito
790 1191 1001 1228 audissent.
1060 1190 1116 1228 Et
1135 1189 1214 1227 illis
1235 1190 1283 1227 ad
1312 1190 1422 1227 silen-

76 1257 173 1293 tium
206 1256 420 1303 obstinatis,
445 1254 571 1293 Clitus
608 1254 798 1304 paulatim
834 1255 978 1304 majore
1007 1267 1098 1292 voce
1126 1253 1301 1304 Philippi
1337 1260 1423 1291 acta

75 1319 252 1370 bellaque
284 1319 325 1356 in
359 1318 512 1357 Graecia
543 1323 654 1369 gesta
687 1321 969 1365 commemorat,
1005 1317 1130 1355 omnia
1166 1317 1422 1367 praesentibus

76 1383 295 1432 praeferens.
354 1381 458 1419 Hine
490 1381 591 1419 inter
621 1381 796 1431 juniores
817 1393 1000 1431 senesque
1021 1385 1106 1418 orta
1128 1380 1322 1418 contentio
1352 1386 1418 1419 est.

76 1446 101 1463 ³⁰
118 1446 172 1483 Et
210 1445 309 1493 Rex,
347 1445 454 1483 velut
490 1444 682 1494 patienter
719 1444 883 1492 audiret,
917 1444 1026 1494 queis
1066 1443 1192 1482 Clitus
1223 1443 1423 1482 obterebat

76 1508 210 1546 laudes
256 1510 350 1558 ejus,
396 1508 592 1558 ingentem
637 1507 734 1544 iram
780 1511 1014 1557 conceperat.
1093 1506 1288 1545 Caeteram
1332 1509 1421 1545 cslm

75 1572 98 1590 ³¹
114 1572 238 1609 animo
268 1571 464 1609 videretur
495 1570 766 1621 imperaturus,
798 1570 831 1608 si
859 1570 971 1608 finem
1001 1570 1214 1621 procaciter
1233 1575 1317 1609 orto
1347 1584 1421 1609 ser-

75 1635 177 1673 moni
198 1634 326 1673 Clitus
359 1634 596 1684 imponeret;
625 1633 724 1671 nihil
752 1647 796 1672 eo
816 1634 1048 1682 remittente,
1069 1634 1194 1685 magis
1227 1647 1421 1685 exaspera-

74 1699 196 1737 batur.
256 1698 422 1749 Jamque
444 1696 571 1736 Clitus
605 1697 718 1735 etiam
752 1697 1046 1735 Parmenionem
1080 1697 1281 1736 defendere
1310 1698 1420 1736 aude-

74 1762 170 1800 bat:
220 1766 261 1799 et
298 1761 476 1811 Philippi
523 1761 569 1798 de
607 1761 914 1798 Atheniensibus
952 1761 1153 1798 victoriam
1201 1761 1420 1799 Thebarum

74 1825 303 1876 praeferebat
336 1825 510 1873 excidio;
541 1837 617 1862 non
637 1824 724 1862 vino
753 1824 878 1872 niodo,
913 1823 980 1861 sed
1011 1823 1126 1861 etiam
1155 1823 1270 1861 animi
1301 1827 1421 1874 prava

75 1888 315 1926 contentione
335 1892 547 1937 provectus.

153 1956 186 1989 5.
220 1951 284 1989 Ad
315 1951 506 1998 ultimum,
547 1949 628 1988 “Si
658 1949 936 1997 moriendum,'’
979 1949 1115 2000 inquit,
1149 1952 1245 1988 “est
1281 1963 1350 2001 pro
1372 1956 1421 1998 te,

77 2015 202 2053 Clitus
240 2020 298 2052 est
330 2014 485 2065 primus.
544 2014 602 2052 At
632 2014 721 2050 cnm
751 2013 924 2051 victoria)
960 2013 1161 2051 arbitrium
1195 2014 1286 2064 agis,
1323 2028 1415 2064 pra:-

76 2079 228 2128 cipuuni
250 2079 378 2115 ferunt
397 2077 611 2128 praemium,
632 2076 698 2128 qui
717 2076 987 2126 procacissime
1008 2077 1130 2127 patris
1151 2077 1209 2114 tui
1228 2077 1421 2116 memoria}

75 2141 254 2178 illudunt.
314 2141 544 2191 Sogdianam
563 2141 755 2191 regionem
771 2139 864 2177 mihi
884 2140 1074 2189 attribuis,
1096 2141 1211 2179 toties
1224 2140 1420 2189 rebellem,

74 2211 112 2243 et
132 2218 206 2241 non
236 2204 349 2241 niodo
384 2204 621 2253 indomitam,
650 2204 717 2242 sed
748 2217 833 2254 qure
866 2217 912 2241 ne
942 2204 1068 2256 subigi
1098 2205 1254 2256 quidem
1284 2205 1417 2256 possit.

76 2269 214 2306 Mittor
235 2268 282 2305 ad
303 2269 402 2305 feras
423 2268 578 2315 bestias,
599 2268 812 2318 praecipitia
832 2268 983 2318 ingenia
1012 2269 1179 2307 sortitas,
1237 2269 1314 2308 Sed
1334 2282 1418 2321 quae

73 2333 120 2369 :ul
153 2345 211 2369 ine
244 2331 446 2382 pertinent,
470 2337 631 2369 transeo.
691 2331 863 2381 Philippi
898 2332 1038 2370 milites
1072 2333 1232 2382 spernis,
1261 2332 1417 2380 oblituS,

74 2396 145 2432 nisi
180 2395 240 2432 hic
263 2395 448 2433 Atliarias
481 2408 596 2432 senex
628 2395 800 2444 juniores
830 2409 994 2446 pugnam
1025 2396 1282 2433 detrectantes
1311 2409 1414 2434 revo-

71 2461 207 2506 casset,
229 2458 350 2496 adhuc
382 2472 449 2496 nos
479 2459 577 2496 circa
602 2459 912 2497 Halicarnassum
934 2460 1102 2498 haesuros
1132 2459 1258 2497 fuisse.
1318 2458 1402 2505 Quo
