1583 2680
144 115 215 151 102
597 126 787 156 QUINTI
821 125 1007 152 cnn⁷r11

137 218 346 257 sulebatur.
419 219 510 257 Dux
541 219 762 258 Graecorum
792 219 961 257 militum
992 219 1176 257 ¹⁰Patron
1207 233 1311 258 arma
1342 234 1475 272 capere

135 295 225 319 suos
268 282 392 331 jubet,
437 287 664 333 paratosque
710 295 792 319 esse
837 282 885 319 ad
931 283 1215 333 exsequendum
1261 284 1472 334 imperium.

136 345 267 383 Persae
287 350 531 383 secesserant.
591 345 736 383 Bessus
756 358 842 382 eum
862 345 1082 383 Bactrianis
1103 350 1196 393 erat,
1225 347 1474 398 tentabatque

134 408 274 446 Persas
313 409 524 458 abducere;
566 408 720 457 Baetra,
759 413 798 445 et
834 408 989 446 intaetae
1024 409 1190 458 regionis
1228 410 1472 459 opulentiam,

133 472 334 523 simulque,
355 485 441 523 quae
460 472 704 509 manentibus
720 472 915 520 instarent,
931 472 1100 522 pericula
1119 476 1325 510 ostentans.
1382 473 1473 511 Per·

133 547 261 572 sarum
279 535 448 573 omnium
467 535 598 572 eadem
618 535 700 572 fere
730 535 804 572 fuit
824 547 910 582 vox,
930 534 1037 572 nefas
1066 547 1148 572 esse
1169 535 1294 573 deseri
1313 535 1471 585 Regem.

132 598 240 635 Inter
260 598 341 636 haee
362 599 576 636 Artabazus
598 598 772 636 omnibus
793 598 1048 647 imperatoriis
1075 598 1308 649 fungebatur
1327 598 1469 636 officiis.

132 661 206 698 Ille
238 662 446 699 Persarum
475 661 722 699 tabernacula
751 661 963 711 circumire,
992 661 1150 708 hortari,
1183 674 1338 699 monere
1370 674 1472 699 nune

132 724 312 774 singulos,
343 737 443 761 nune
474 724 686 771 universos,
717 737 792 760 non
823 725 912 760 ante
944 723 1107 770 destitit,
1127 724 1242 774 quam
1262 724 1356 761 satis
1387 737 1469 762 eon-

130 792 250 823 staret
269 788 454 836 imperata
472 787 651 824 facturos.
710 786 821 823 Idem
837 786 938 836 aegre
959 799 980 823 a
997 786 1114 823 Dario
1134 787 1366 836 impetravit,
1386 787 1412 805 ²³
1427 793 1472 824 ut-

129 851 256 887 eibum
277 854 440 899 caperet,
462 849 704 900 animumque
724 849 857 899 Regis.

207 912 257 949 X.
287 915 350 950 27.
382 913 441 949 At
471 912 617 950 Bessus
649 917 688 949 et
719 911 975 960 Nabarzanes,
1008 912 1098 950 olim
1130 912 1317 962 agitatum
1347 913 1470 952 scelus

129 976 285 1027 exsequi
319 980 508 1024 statuunt,
525 975 634 1026 regni
666 975 878 1025 cupiditate
904 975 1064 1013 accensi.
1123 975 1240 1013 Dario
1261 980 1386 1014 autem
1413 977 1467 1013 in-

128 1039 280 1087 eolumi,
312 1043 439 1076 tantas
470 1051 561 1088 opes
593 1051 745 1087 sperare
777 1051 853 1075 non
882 1043 1070 1088 poterant.
1141 1037 1291 1089 Quippe
1322 1039 1361 1076 in
1389 1039 1468 1076 illis

127 1102 309 1153 gentibus
337 1102 490 1151 Regum
521 1101 687 1138 ¹eximia
717 1102 896 1149 majestas
926 1105 995 1138 est.
1053 1101 1119 1138 Ad
1147 1114 1285 1139 nomen
1317 1104 1469 1152 quoque

128 1166 293 1203 Barbari
323 1165 564 1212 conveniunt,
599 1168 637 1201 et
669 1163 843 1213 pristina}
873 1163 1068 1201 veneratio
1099 1164 1262 1202 fortunae
1296 1165 1463 1216 sequitur

128 1229 338 1267 adversam.
397 1228 562 1266 Inflabat
587 1227 724 1277 impios
757 1227 903 1264 animos
922 1227 1024 1278 regio
1041 1227 1102 1265 eui
1129 1233 1331 1278 praeerant,
1352 1229 1467 1266 armis
1503 1259 1507 1262 .

126 1293 295 1344 virisque
333 1297 371 1330 et
409 1291 532 1341 spatio
569 1290 738 1328 locorum
775 1290 873 1327 nulli
912 1303 1043 1328 earum
1078 1291 1253 1341 gentium
1290 1292 1463 1329 secunda.

129 1356 301 1393 Tertiam
330 1360 480 1405 partem
501 1354 610 1392 Asiae
630 1358 745 1391 tenet.
805 1353 1020 1391 Multitudo
1047 1354 1243 1404 juniorum
1262 1355 1466 1401 exereitus,

127 1432 222 1470 quos
242 1419 422 1456 amiserat
441 1417 594 1465 Darius,
616 1417 800 1468 aequabat.
860 1416 998 1468 Itaque
1017 1429 1094 1455 non
1120 1417 1230 1455 illum
1257 1417 1380 1466 modo,
1400 1418 1466 1455 sed

127 1481 243 1519 etiam
263 1480 531 1518 Alexandrum
565 1480 817 1530 spernebant,
850 1480 941 1518 inde
962 1480 1063 1518 vires
1083 1480 1234 1530 imperii
1251 1481 1466 1531 repetituri,

127 1547 161 1584 si
181 1546 193 1563 ²
209 1545 376 1595 regionis
394 1544 511 1594 potiri
530 1543 765 1594 contigisset.
815 1543 896 1580 Dia
916 1543 1090 1582 omnibus
1109 1544 1301 1594 cogitatis,
1321 1544 1468 1594 placuit

126 1623 194 1660 per
213 1608 355 1646 milites
375 1606 604 1644 Bactrianos
626 1606 675 1643 ad
695 1619 805 1644 omne
833 1606 1059 1657 obsequium
1087 1606 1298 1645 destinatos
1318 1607 1465 1658 Regem

127 1671 453 1722 comprehendere,
484 1670 662 1721 mittique
685 1670 870 1707 nuncium
902 1670 951 1707 ad
971 1670 1248 1718 Alexandrum,
1277 1671 1343 1722 qui
1373 1671 1467 1708 indi-

127 1741 232 1773 caret
246 1735 376 1772 vivum
397 1733 586 1771 asservari
606 1746 716 1782 eum3
747 1733 792 1781 si,
813 1733 854 1769 id
870 1733 972 1784 quod
992 1733 1190 1781 timebant,
1210 1733 1465 1784 proditionem

127 1802 350 1849 aspernatus
381 1801 492 1846 esset,
522 1795 711 1833 'occisuri
743 1795 915 1842 Darium,
946 1800 985 1832 et
1014 1795 1158 1833 Baetra
1187 1809 1273 1834 eum
1312 1809 1466 1834 suarum

127 1862 297 1911 gentium
330 1873 444 1898 manu
483 1859 652 1909 petituri.
731 1857 925 1896 Caeternm
962 1857 1162 1907 propalam
1200 1859 1465 1909 comprehendi

129 1924 269 1961 Darius
306 1937 381 1960 non
418 1926 587 1972 poterat,
627 1925 685 1958 tot
725 1920 931 1958 Persarum
967 1920 1138 1958 millibus
1175 1921 1312 1959 laturis
1359 1936 1467 1973 opem

147 1987 238 2037 legi.
315 1987 538 2024 Graeeorum
574 1996 724 2035 quoque
758 1983 852 2020 fides
890 1983 1108 2021 timebatur.
1194 1984 1343 2036 Itaque,
1365 1986 1468 2036 quod

128 2062 202 2086 non
223 2053 401 2098 poterant
419 2049 471 2096 vi,
492 2048 627 2085 fraude
647 2046 797 2097 assequi
828 2051 988 2083 tentant.
1049 2047 1321 2086 Paenitentiam
1350 2061 1467 2086 seces-

130 2111 245 2149 sionis
277 2111 455 2148 simulare
488 2111 744 2157 decreverant,
779 2115 816 2147 et
848 2123 1030 2147 excusare
1058 2110 1157 2160 apud
1193 2111 1338 2161 Regem
1358 2111 1466 2149 *con-

130 2175 398 2212 sternationem
419 2187 537 2211 suam.

208 2240 257 2275 28
279 2237 444 2274 Interim
464 2236 527 2287 qui
550 2236 687 2273 Persas
708 2236 719 2251 τ’
733 2234 995 2282 sollicitarent,
1012 2237 1227 2274 mittuntur.
1270 2237 1372 2274 Hinc
1391 2251 1467 2287 spe,

128 2299 216 2337 hine
235 2305 338 2351 metu
357 2300 541 2337 militares
569 2299 713 2335 animos
734 2304 908 2336 versant:
939 2300 1092 2337 “ruinae
1120 2313 1242 2337 rerum
1272 2299 1359 2338 illos
1386 2300 1467 2337 sub-

130 2363 217 2401 dere
236 2363 380 2414 capita3
430 2363 468 2400 in
498 2362 700 2413 pernicicm
722 2361 843 2399 trahi:
873 2365 954 2399 cium
984 2363 1125 2400 Bactra
1154 2367 1318 2413 pateant,
1340 2375 1468 2413 excep·

131 2431 216 2464 tura
247 2439 310 2464 cos
343 2426 452 2465 bonis
482 2431 520 2464 et
550 2425 758 2476 opulentia,
779 2439 889 2475 quam
917 2426 1051 2463 animis
1072 2426 1266 2476 concipere
1295 2439 1368 2463 non
1387 2439 1467 2476 pos·
