1583 2680
472 166 632 192 LIBER
668 165 760 190 vn.
799 164 910 190 car.
950 165 1018 190 1v.
1355 153 1427 190 151·

86 258 230 298 conniti
249 271 324 296 non
354 262 519 308 possent.
579 258 619 296 A
647 255 967 296 commilitonibus
997 260 1192 307 torpentes
1211 255 1427 294 excitaban-

86 326 171 360 tur:
198 334 319 372 neque
338 321 444 358 aliud
463 320 677 359 remedium
709 324 803 369 erat,
823 321 940 371 quam
958 324 1003 357 ut
1021 319 1172 371 ingredi
1191 323 1425 371 cogerentur.

87 385 186 422 Tum
223 384 376 422 demum
412 384 523 422 vitali
559 386 684 422 calore
720 387 837 431 moto,
873 382 1054 421 membris
1092 382 1231 434 aliquis
1276 382 1429 420 redibat

63 443 204 499 'vigon
265 447 307 486 Si
327 447 394 498 qui
411 437 580 498 'tuguria
609 446 868 485 Barbarorum
888 445 993 484 adire
1012 450 1234 496 potuerunt,
1255 444 1429 483 celeriter

85 510 222 548 refecti
241 515 356 548 sunt:
386 509 454 548 sed
485 514 594 547 tanta
624 509 746 560 caligo
766 514 860 557 erat,
888 513 933 546 ut
960 509 1122 547 aedificia
1140 508 1247 546 nulla
1266 508 1341 546 alia
1366 520 1428 545 res

85 574 202 624 quam
233 573 363 611 fumus
397 573 626 611 ostenderet.
685 572 753 610 Illi
783 585 978 623 nunquam
1013 573 1103 610 ante
1140 571 1180 610 in
1207 572 1322 609 terris
1350 571 1430 608 suis

87 637 235 675 advena
267 636 361 684 viso,
397 638 483 674 οὔπη
511 640 676 673 armatos
712 637 872 686 repente
909 635 1185 686 conspicerent,
1223 634 1431 673 exanimati

86 706 203 748 metu,
233 699 421 750 quidquid
450 699 491 736 in
521 698 686 749 tuguriis
716 703 810 746 crat,
851 698 1083 748 afferebant;
1126 702 1172 736 ut
1209 697 1431 748 corporibus

87 763 259 813 ipsorum
286 766 516 813 parceretur,
548 766 712 800 orantes.
769 761 858 800 Rex
886 775 1019 812 agmen
1049 761 1275 800 circumibat
1301 760 1430 811 pedeS,

95 826 266 874 jacentes
294 825 478 875 quosdam
514 824 676 875 erigens,
713 828 751 861 et
786 823 895 872 alios,
924 825 1013 861 cum
1039 823 1140 875 aegre
1170 828 1430 875 sequerentur,

90 887 347 925 ‘adminiculo
383 887 552 938 corporis
583 887 644 924 sui
674 887 878 937 excipiens.
937 886 1052 924 Nunc
1081 886 1130 924 ad
1161 887 1284 938 prima
1310 886 1431 937 signa,

88 963 187 988 nunc
218 951 258 988 in
288 950 426 998 medio,
454 963 554 988 nunc
584 950 624 987 in
653 949 790 988 ultimo
818 950 968 1001 agmine
998 950 1146 988 itineris
1175 949 1433 1000 multiplicato

90 1013 221 1051 labore
255 1013 399 1050 aderat.
476 1013 648 1050 Tandem
681 1013 730 1050 ad
768 1012 932 1050 cultiora
968 1018 1196 1063 perventum
1233 1017 1293 1051 est
1337 1012 1432 1060 loca,

89 1081 378 1128 commeatuque
398 1076 505 1127 largo
517 1080 714 1114 recreatus
734 1076 947 1125 exercitus,
978 1076 1092 1114 simul
1112 1081 1151 1114 et
1168 1076 1235 1128 qui
1254 1075 1434 1127 consequi

89 1153 163 1178 non
183 1144 399 1191 potuerant,
420 1139 461 1176 in
479 1138 548 1176 illa
567 1143 692 1177 castra
709 1143 905 1177 venerunt.

175 1206 230 1241 12.
262 1202 360 1240 Inde
396 1215 533 1253 agmen
561 1201 750 1252 processit
781 1201 832 1239 ad
866 1201 1078 1240 Caucasum
1109 1206 1289 1250 montem,
1323 1203 1433 1252 cujus

91 1267 245 1304 dorsum
266 1265 402 1303 Asiam
421 1269 606 1315 perpetuo
636 1266 731 1315 jugo
751 1264 915 1304 dividit:
957 1265 1046 1303 hinc
1065 1264 1181 1303 simul
1199 1278 1312 1315 mare,
1331 1264 1434 1316 quod

93 1329 268 1369 Ciliciam
302 1328 427 1378 subit;
455 1327 564 1366 illinc
603 1327 786 1378 Caspium
817 1328 973 1377 fretum,
1006 1333 1046 1366 et
1073 1342 1223 1367 amnem
1251 1329 1434 1378 Araxem,

91 1393 242 1445 aliaque
260 1391 427 1444 regionis
448 1391 619 1442 Scythiae
638 1391 790 1429 deserta
817 1392 830 1410 ⁸
845 1396 1004 1442 spectat.
1061 1392 1212 1430 Taurus
1231 1393 1243 1410 ⁷
1258 1392 1435 1431 secundae

91 1455 368 1506 magnitudinis
397 1467 506 1492 mons
538 1454 793 1492 committitur
824 1453 1019 1504 Caucaso;
1059 1467 1082 1493 a
1115 1454 1358 1506 Cappadocia
1396 1469 1435 1493 se

93 1519 275 1557 attollens
307 1517 484 1556 Ciliciam
513 1517 698 1567 p1„-„erit‚
720 1517 991 1568 Armeniaeque
1019 1518 1216 1557 montibus
1244 1519 1433 1570 jungitur.

95 1582 160 1620 Sic
190 1581 291 1619 inter
321 1592 362 1618 se
387 1581 482 1629 juga
509 1578 618 1616 velut
647 1579 745 1616 serie
775 1579 1009 1617 cohaerentia
1037 1585 1263 1630 perpetuum
1293 1582 1437 1619 habent

95 1645 262 1692 dorsum,
294 1655 342 1681 ex
370 1655 445 1693 quo
477 1641 586 1680 Asiae
618 1641 746 1679 omnia
775 1641 857 1679 fere
886 1641 1052 1690 flumina,
1073 1642 1149 1680 alia
1174 1643 1214 1680 in
1245 1643 1435 1692 Rubrum,

94 1708 171 1746 alia
199 1708 239 1744 in
271 1705 454 1756 Caspium
482 1717 599 1751 mare,
619 1704 695 1742 alia
714 1704 754 1742 in
785 1703 1011 1754 Hyrcanum
1038 1710 1077 1743 et
1106 1705 1312 1744 Ponticum
1341 1707 1436 1745 deci·

95 1770 201 1808 dunt.
261 1767 541 1819 Septemdecim
563 1767 712 1805 dierum
743 1767 865 1817 spatio
887 1766 1099 1806 Caucasum
1119 1769 1314 1819 superavit
1333 1783 1436 1808 exer-

95 1834 206 1872 citus.
264 1832 400 1883 Rupes
432 1832 473 1869 in
503 1844 547 1869 eo
578 1831 707 1869 decem
741 1830 780 1868 in
812 1831 978 1869 circuitu
1008 1831 1132 1869 stadia
1161 1832 1438 1883 complectitur,

95 1902 260 1950 quatuor
289 1896 329 1934 in
359 1895 606 1934 altitudinem
636 1894 798 1943 excedit,
818 1895 858 1932 in
887 1898 965 1946 qua
984 1895 1154 1933 vinctum
1182 1896 1439 1935 ‘’Promethea

95 1961 215 1999 fuisse
235 1959 446 2010 antiquitas
466 1957 598 1996 tradit.
658 1957 876 1996 Condendae
903 1958 942 1995 in
972 1958 1165 1997 radicibus
1183 1960 1324 1997 montis
1351 1960 1438 1999 urbi

98 2024 207 2061 sedes
236 2023 359 2061 electa
388 2027 468 2071 est3
499 2027 645 2072 septem
674 2021 846 2060 millibus
877 2034 1074 2060 servorum
1102 2022 1370 2071 Macedonum,
1400 2028 1440 2061 et

99 2086 287 2136 praeterea
314 2084 515 2133 militibus,
530 2097 691 2135 quorum
721 2086 838 2135 opera
856 2084 915 2121 uti
946 2084 1124 2133 desisset,
1144 2085 1372 2135 permissum
1399 2086 1438 2123 in

98 2161 235 2186 novam
253 2147 387 2186 urbem
419 2147 627 2185 considere.
686 2147 799 2185 Hanc
829 2159 978 2199 quoque
1007 2147 1286 2186 Alexandriam
1305 2148 1439 2186 ineoloe

99 2210 397 2262 appellaverunt.

179 2272 254 2312 IV.
292 2275 347 2310 13.
379 2273 436 2310 At
467 2272 610 2311 Bessus
640 2273 855 2311 Alexandri
881 2273 1078 2312 celeritate
1106 2275 1343 2325 perterritus,
1365 2275 1438 2312 diis

98 2338 235 2390 patriis
267 2335 451 2374 sacrificio
480 2335 556 2372 rite
586 2337 699 2385 facto,
720 2337 822 2374 sicut
848 2337 926 2375 illis
952 2338 1133 2388 gentibus
1153 2351 1234 2376 mos
1255 2343 1324 2384 est,
1353 2350 1437 2374 cum

100 2402 232 2440 amicis
263 2399 499 2449 ducibusque
529 2399 722 2449 copiarum
752 2401 853 2439 inter
883 2401 1014 2451 epulas
1045 2401 1093 2439 de
1120 2401 1222 2439 bello
1252 2399 1436 2437 consulta-

100 2466 176 2505 bat.
236 2464 382 2503 Graves
402 2475 507 2500 mero
536 2475 624 2500 suas
643 2463 743 2501 vires
772 2464 980 2513 extollere,
1012 2464 1179 2502 hostium
1207 2475 1307 2501 nunc
1327 2468 1424 2501 teme
