1583 2680
122 153 198 190 254
572 163 768 194 QUINTI
814 164 1005 190 cun'r11

116 256 226 288 Persis
242 257 376 300 quoque
393 255 428 288 in
445 257 718 299 supplementum
732 257 836 297 lectis,
855 267 1000 301 quorum
1016 256 1140 300 viginti
1162 255 1270 289 millia
1284 257 1464 290 Peucestes

116 309 312 350 adduxerat,
331 309 423 342 Susis
439 321 499 343 rex
510 310 684 343 Ecbatana
695 311 876 354 profectus,
895 311 1169 354 Hephaestionem
1185 311 1373 354 principem
1386 311 1464 343 ami·

115 375 231 396 corum
255 364 392 403 amittit,
418 365 513 407 cujus
541 375 656 397 casum
679 365 900 397 immoderate
925 365 1043 404 ferens,
1071 365 1355 397 sumtuosissimas
1387 365 1463 397 fieri

115 417 273 461 exequias
284 418 394 461 jussit,
412 429 474 450 nec
489 429 564 457 non,
582 422 622 450 ut
637 420 719 458 Deo,
738 418 927 451 sacrificari.
975 419 1066 451 Hine
1081 430 1142 462 per
1160 420 1366 451 Cossaeorum
1382 429 1460 461 gen-

117 476 191 510 ¹,em,
210 471 353 504 liberam
369 475 477 511 antea,
497 476 531 504 et
547 473 724 505 Persarum
739 472 919 516 imperium
931 476 1175 516 aspernantem,
1193 473 1372 516 Babylona
1388 483 1462 515 pro-

115 525 283 565 ficiscitur,
302 526 362 557 ubi
377 526 562 558 multarum
577 526 730 568 gentium
752 526 857 569 legati
883 526 994 569 ipsum
1017 527 1249 569 expectabant.
1309 528 1391 560 cnm
1408 537 1462 558 ccc

113 580 156 611 ab
173 579 258 611 urbe
282 580 400 612 stadiis
426 580 565 618 abesset,
588 583 792 611 monuerunt
813 584 919 619 vates,
937 591 980 612 ne
1005 580 1158 620 intraret,
1178 580 1258 623 quia
1273 580 1461 623 perieulum

112 633 389 675 portenderetur3
421 633 492 674 sed,
518 633 560 665 ab
585 633 786 665 Anaxarcho
810 643 997 676 persuasus,
1027 633 1206 665 contemsit
1231 633 1393 676 praesagia
1423 637 1463 665 ut

112 697 200 719 vana
214 691 247 719 et
263 687 398 719 ineerta.
445 687 582 719 Auditis
599 697 679 728 ergo
695 686 823 728 legatis,
843 689 878 718 et
892 685 1039 728 peractis
1056 696 1131 729 quae
1152 686 1196 718 ad
1211 687 1463 728 Hephaestionis

112 741 220 779 funus,
240 751 302 784 per
319 741 537 783 Pallacopam
554 741 676 772 fossam
699 740 742 772 ad
766 740 919 772 Arabum
946 739 1093 771 confinia.
1116 739 1300 782 navigavit,
1317 739 1462 773 irridens

113 794 292 832 Chaldaeos,
309 793 366 836 qui
383 794 574 836 perieulum
589 793 625 824 in
641 793 725 826 urbe
742 793 981 836 praedixerant,
999 804 1102 836 quam
1117 804 1186 825 non
1202 793 1303 826 modo
1318 794 1463 827 feliciter

111 848 278 890 ingressus
291 851 384 886 esset,
403 848 462 880 sed
477 848 591 879 salvus
603 847 703 879 etiam
717 847 919 880 excessisset.
956 848 1127 880 Reversus
1139 847 1358 890 Babylonem,
1370 848 1463 881 ludis

111 901 346 944 conviviisque
369 901 534 941 interfuit,
551 905 585 933 et
601 902 675 933 cnm
696 902 741 934 ad
756 901 906 934 Medium
917 905 1136 934 eomessatum
1150 903 1237 941 isset,
1255 901 1291 934 in
1306 903 1463 935 morbum

110 955 237 995 incidit,
253 957 312 998 qui
328 955 421 988 int-ra
436 966 558 998 paucos
574 955 646 987 dies
659 955 708 987 ita
719 955 874 994 invaluit,
890 958 928 987 ut
944 966 1018 998 spes
1029 955 1146 988 salutis
1161 956 1254 987 nulla
1269 958 1327 988 aut
1343 956 1464 999 exigua

111 1013 308 1052 superesset.
364 1009 491 1042 Milites
519 1009 733 1042 solicitudine
762 1009 854 1041 anxii
885 1009 1027 1042 retineri
1056 1021 1124 1041 non
1154 1012 1346 1053 potuerunt,
1380 1011 1463 1054 quin

112 1064 231 1096 ultimo
247 1063 353 1096 visuri
369 1075 484 1107 regem
500 1064 536 1096 in
551 1064 663 1096 aulam
679 1063 934 1107 irrumperent]

192 1129 242 1168 V.
278 1131 334 1167 12.
365 1129 609 1168 Intuentibus
627 1128 804 1179 lacrymae
822 1128 968 1167 oborta>
994 1128 1189 1179 praebuere
1208 1128 1369 1179 speciem
1384 1130 1464 1179 jam

111 1205 187 1230 non
206 1192 365 1244 Regem,
385 1192 453 1230 sed
470 1193 586 1230 funus
606 1193 700 1242 ejus,
720 1191 880 1230 visentis
909 1191 1114 1229 exercitiis.
1172 1191 1317 1230 Moeror
1337 1196 1465 1230 tamen

112 1256 438 1294 circumstantium
475 1255 618 1294 lectum
657 1257 666 1273 ¹
683 1255 898 1305 eminebat.¹
945 1253 1051 1300 Quos
1091 1258 1135 1292 ut
1179 1254 1268 1293 Rex
1303 1248 1464 1306 aspexit,

114 1322 136 1341 “
154 1319 402 1367 Invenietis,”
433 1319 569 1370 inquit,
601 1321 623 1339 “
640 1318 731 1356 cum
767 1330 974 1367 excessero,
1009 1317 1167 1369 dignum
1198 1317 1343 1357 talibus
1370 1319 1466 1358 viris

113 1382 289 1434 Regem?
303 1383 323 1402 ”
379 1381 600 1420 Incredible
621 1381 737 1430 dictu,
759 1381 978 1432 audituque,
997 1381 1010 1398 ‘·‘
1022 1381 1063 1418 in
1082 1381 1213 1419 eodem
1231 1381 1368 1421 habitu
1387 1395 1465 1421 eor-

112 1447 228 1497 poris,
258 1446 297 1483 in
315 1459 426 1497 quem
451 1459 490 1484 se
510 1449 780 1495 composuerat
810 1447 894 1482 cum
921 1444 1156 1482 admissurus
1181 1445 1323 1483 milites
1351 1451 1464 1495 esset,

114 1510 283 1558 durasse,
318 1509 434 1547 donec
471 1522 494 1546 a
529 1513 612 1546 toto
650 1507 818 1546 exercitu
854 1507 951 1545 illud
985 1507 1168 1547 ultimum
1204 1508 1464 1558 persalutatus

113 1579 196 1612 est:
226 1573 454 1624 dimissoque
473 1571 601 1623 vulgo,
621 1571 730 1610 velut
760 1570 862 1609 omni
880 1571 972 1609 vitae
1004 1571 1134 1610 debito
1162 1570 1360 1622 liberatus,
1378 1572 1466 1611 fati·

112 1642 204 1689 gata
222 1636 414 1675 ”membra
432 1635 578 1687 rejecit,
597 1635 830 1686 propiusque
858 1634 966 1673 adire
995 1634 1114 1685 jussis
1141 1635 1275 1673 amicis
1295 1634 1398 1685 (nam
1426 1641 1467 1674 et

112 1714 186 1739 vox
205 1700 362 1738 deficere
378 1701 460 1750 jam
479 1700 673 1750 coeperat),
693 1698 908 1736 detractum
927 1697 1108 1736 annulum
1127 1696 1250 1750 digito
1269 1699 1466 1738 Perdieeae

111 1764 286 1813 tradidit,
317 1763 478 1814 adjectis
510 1762 711 1811 mandatis,
743 1766 788 1800 ut
825 1774 962 1812 corpus
992 1775 1101 1800 suum
1132 1762 1182 1800 ad
1209 1761 1464 1800 Hammonem

111 1829 205 1866 ferri
229 1828 391 1878 juberet.
464 1826 824 1877 Quaerentibusque,
856 1825 919 1863 eui
950 1825 1182 1876 relinqueret
1208 1838 1379 1877 regumn,
1408 1839 1463 1864 re-

113 1893 278 1943 spondit,
299 1892 333 1930 ei
353 1891 419 1943 qui
439 1895 539 1929 esset
557 1890 724 1941 optimus
741 1902 750 1939 3
792 1890 973 1927 caeterum
992 1889 1004 1906 ⁴
1017 1888 1216 1938 providere
1245 1890 1325 1938 jam
1344 1902 1394 1938 se,
1415 1890 1463 1929 ob

113 1957 151 1994 id
171 1962 362 1994 certamen
380 1967 536 2007 magnos
555 1953 733 1992 funebres
765 1952 876 1990 ludos
895 1952 1024 2002 parari
1043 1952 1128 1990 sibi.
1186 1952 1349 2002 Rursus,
1370 1953 1462 1992 Per-

113 2020 220 2057 dicca
265 2020 535 2070 interrogante,
582 2015 731 2068 quando
778 2015 952 2054 coelestes
999 2014 1161 2053 honores
1207 2015 1341 2054 haberi
1387 2016 1463 2056 sibi

112 2082 257 2121 vellet?
287 2081 398 2129 dixit,
429 2086 511 2118 tum
542 2079 650 2128 velle,
684 2081 769 2116 eum
802 2078 876 2129 ipsi
907 2077 1039 2115 felices
1072 2083 1208 2117 essent.
1277 2079 1463 2130 Suprema

112 2146 192 2184 haec
222 2158 296 2183 vox
324 2145 399 2182 fuit
430 2143 565 2195 Regis,
599 2149 637 2181 et
673 2142 786 2193 paulo
818 2143 906 2192 post
939 2141 1188 2193 extinguitur.
1244 2143 1306 2181 Ao
1337 2143 1462 2194 primo

114 2210 275 2260 ploratu,
313 2207 575 2257 lamentisque,
613 2211 653 2244 et
697 2205 914 2255 planetibus
959 2211 1042 2243 tota
1078 2206 1185 2257 regia
1221 2207 1460 2257 personabat.

115 2273 220 2320 Mox,
241 2270 346 2309 velut
366 2270 404 2307 in
425 2273 533 2307 vasta
563 2269 781 2316 solitudine,
802 2269 928 2305 onmia
955 2268 1060 2306 tristi
1091 2269 1244 2307 silentio
1262 2275 1370 2308 muta
1388 2275 1458 2308 tor—

113 2336 270 2385 pebant,
286 2334 333 2372 ad
352 2334 614 2385 cogitationes,
633 2332 726 2383 quid
747 2332 883 2369 deind(-
905 2333 1077 2370 futurum
1097 2338 1208 2382 esset,
1230 2333 1361 2372 dolore
1380 2346 1464 2372 eon-

115 2412 235 2438 verso.
294 2397 454 2436 Nobiles
487 2397 606 2448 pueri,
627 2395 810 2434 custodia*
831 2397 998 2446 eorporis
1017 2397 1100 2446 ejus
1131 2396 1286 2446 assueti,
1305 2409 1373 2435 nec
1400 2397 1460 2434 do-

115 2463 208 2501 loris
228 2461 525 2514 magnitudinem
545 2474 689 2512 capere,
710 2473 776 2498 nee
797 2459 942 2511 seipsos
970 2459 1070 2498 intra
1090 2459 1322 2499 vestibulum
1350 2459 1466 2512 regia>
