1583 2680
154 163 226 200 160
601 174 784 206 QUINTI
822 173 1024 200 CURTII.

147 267 306 303 tantam.
384 265 579 304 Caeterum
616 279 656 304 se
693 271 844 317 gentem
880 266 920 303 in
957 266 1070 304 fidem
1106 265 1254 315 dedere,
1291 270 1490 317 superatos

146 329 291 367 virtute
310 329 424 367 illius.
484 329 584 378 Rex,
604 330 678 367 fide
700 330 803 378 data,
825 334 864 367 et
892 329 1056 380 captivis
1084 330 1259 380 receptis,
1279 335 1429 380 gentem
1448 330 1489 367 in

147 392 379 430 deditionem
411 393 566 443 accepit.
626 392 773 431 Castris
806 393 894 430 inde
928 393 1055 441 motis,
1085 393 1222 431 lectica
1249 393 1411 430 militari
1438 393 1487 430 fe-

145 455 310 504 rebatur,
341 457 457 507 quam
487 469 554 506 pro
587 468 626 493 se
657 456 816 507 quisque
848 469 962 507 eques
991 456 1182 508 pedesque
1212 456 1339 494 subire
1369 461 1486 493 certa-

145 518 245 556 bant.
304 519 478 570 Equites,
513 532 597 556 cum
627 519 764 569 quibus
803 519 891 557 Rex
929 520 1061 570 praelia
1097 519 1193 557 inire
1224 519 1361 557 solitus
1392 525 1485 566 erat,

145 582 205 619 sui
235 583 402 620 muneris
422 582 461 619 id
482 595 563 620 esse
594 582 806 621 censebant.
865 583 1024 620 Pedites
1054 584 1200 633 contra,
1221 584 1310 620 cum
1338 583 1486 620 saucios

144 645 419 683 commilitones
450 646 523 696 ipsi
553 651 704 695 gestare
737 646 1006 693 assuevissent,
1046 646 1143 696 eripi
1177 646 1252 683 sibi
1289 645 1487 696 proprium

144 707 318 756 officium,
340 709 449 746 ³tum
479 709 730 759 potissimum,
752 710 842 746 cum
873 709 961 746 Rex
979 709 1186 758 gestandus
1217 713 1330 756 esset,
1359 721 1487 759 quere-

144 770 291 808 bantur.
350 771 438 808 Rex
457 772 497 808 in
517 776 622 809 tanto
639 772 841 822 utriusque
861 772 983 820 partis
1003 771 1220 820 certamine,
1242 775 1281 808 et
1299 771 1374 809 sibi
1394 771 1486 808 diffi-

143 834 265 882 cilem,
304 839 343 871 et
372 834 606 884 'praeteritis
642 848 796 884 gravem
833 834 1060 872 electionem
1092 835 1260 872 futuram
1293 838 1412 882 ratus,
1446 834 1486 871 in

142 897 264 934 vicem
296 897 423 935 subire
456 910 520 935 eos
547 898 676 947 jussit.
735 897 840 935 Hinc
869 902 1006 948 quarto
1035 897 1096 935 die
1125 898 1174 935 ad
1201 897 1335 936 urbem
1363 897 1486 935 Mara-

142 960 263 998 canda
294 965 520 1010 perventum
540 965 608 998 est.
687 960 942 1011 Septuaginta
976 961 1100 998 stadia
1127 973 1258 998 murus
1286 960 1393 999 urbis
1413 973 1486 998 am-

146 1023 351 1073 plectitur,
383 1037 454 1061 arx
484 1024 589 1061 illius
623 1023 788 1073 cingitur
820 1036 938 1061 muro.
997 1024 1186 1062 Praesidio
1215 1023 1303 1062 urbi
1335 1023 1484 1071 relicto,

140 1087 336 1136 proximos
374 1087 476 1125 vicos
522 1087 788 1137 depopulatur,
835 1091 950 1138 atque
995 1087 1086 1124 urit.
1163 1087 1299 1137 Legati
1345 1086 1484 1123 deinde

142 1150 332 1188 Abiorum
354 1150 583 1200 Scytharum
619 1149 905 1200 superveniunt,
934 1149 1068 1188 ‘'liberi
1096 1163 1142 1187 ex
1174 1162 1248 1201 quo
1269 1149 1484 1186 decesserat

144 1212 280 1263 Cyrus,
325 1218 407 1250 tum
453 1213 639 1263 imperata
674 1213 822 1250 facturi.
900 1212 1178 1250 ⁶Justissimos
1224 1212 1484 1250 Bar‘barorum

141 1276 364 1315 constabat:
394 1277 510 1314 armis
544 1276 788 1315 abstinebant
819 1275 894 1313 nisi
927 1275 1105 1313 lacessiti.
1165 1275 1377 1314 Libertatis
1406 1289 1484 1313 mo-

141 1339 225 1377 dico
257 1344 296 1377 et
325 1340 464 1390 aequali
495 1352 580 1387 usu,
613 1339 850 1389 principibus
888 1339 1110 1377 humiliores
1148 1352 1258 1390 pares
1295 1339 1480 1377 fecerunt.

142 1401 227 1439 Hos
260 1402 422 1453 benigne
457 1402 655 1450 allocutus,
677 1402 725 1439 ad
758 1414 822 1439 eos
843 1401 1017 1452 Scythas,
1047 1402 1114 1453 qui
1143 1402 1365 1452 ⁷Europam
1385 1403 1482 1440 ineo-

139 1464 236 1512 lunt,
258 1465 411 1502 Berden
439 1465 640 1516 quemdam
670 1465 775 1502 misit
805 1478 853 1502 ex
885 1465 1027 1514 amicis,
1046 1465 1113 1515 qui
1140 1465 1388 1503 denunciaret
1417 1466 1482 1513 eis,

139 1540 186 1564 ne
208 1528 369 1565 Tanaim
389 1541 537 1565 amnem
556 1527 720 1577 regionis
749 1528 899 1577 injussu
928 1527 1048 1578 Regis
1068 1528 1285 1566 transirent.
1345 1528 1484 1566 Eidem

140 1591 374 1639 mandatum,
395 1595 440 1628 ut
459 1591 783 1641 contemplaretur
812 1591 982 1628 locorum
1012 1591 1139 1639 situm,
1162 1596 1200 1629 et
1218 1591 1305 1629 illos
1333 1605 1483 1643 quoque

142 1654 314 1704 Scythas,
335 1654 400 1705 qui
421 1667 534 1704 super
554 1654 754 1704 Bosphoro
773 1654 955 1702 incolunt,
976 1655 1127 1693 viseret.

219 1720 279 1754 25.
314 1716 533 1755 Condendae
563 1717 668 1755 urbis
700 1717 829 1755 sedem
849 1730 963 1768 super
996 1718 1119 1768 ripam
1141 1717 1282 1755 Tanais
1303 1717 1481 1768 elegerat,

140 1780 348 1818 claustrum
383 1786 421 1818 et
445 1783 525 1830 jam
558 1780 871 1830 perdomitorum,
904 1785 943 1817 et
972 1780 1094 1831 ⁸quos
1124 1780 1260 1817 deind&
1291 1780 1398 1817 adire
1419 1780 1481 1817 de-

140 1849 323 1881 creverat.
383 1844 457 1881 Sed
491 1843 692 1881 eonsilium
715 1843 868 1880 distulit
903 1843 1180 1893 Sogdianorum
1214 1843 1394 1880 nunciata
1422 1843 1480 1880 de-

139 1907 265 1954 sectio,
286 1920 371 1957 qum
393 1906 617 1943 Bactrianos
637 1919 785 1956 quoque
806 1906 936 1943 traxit.
997 1906 1151 1956 Septem
1171 1906 1292 1943 millia
1311 1906 1481 1956 equitum

143 1975 260 2018 erant,
290 1984 450 2020 quorum
479 1969 747 2007 auctoritatem
776 1969 905 2007 eaeteri
935 1969 1201 2020 sequebantur.
1260 1969 1482 2006 Alexander

141 2033 399 2081 Spitamencm
432 2038 470 2071 et
505 2032 696 2081 Catonem,
727 2046 749 2070 a
780 2032 918 2083 quibus
950 2033 984 2070 ei
1017 2033 1185 2070 traditus
1214 2037 1296 2070 erat
1326 2032 1481 2079 Bessus,
1511 2031 1518 2036 ’

141 2096 241 2132 haud
273 2096 411 2134 dubius
445 2097 536 2147 quin
567 2109 697 2134 eorum
719 2099 833 2146 opera
854 2096 976 2147 redigi
1006 2101 1161 2146 possent
1181 2096 1220 2134 in
1239 2101 1481 2146 potestatem,

142 2159 203 2208 qui
238 2165 468 2196 novaverant
499 2173 571 2207 res,
606 2160 724 2209 jussit
761 2160 911 2197 accersi.
971 2160 1027 2197 At
1065 2159 1135 2208 illi,
1164 2159 1400 2207 defectionis,
1434 2159 1482 2196 ad

140 2235 251 2271 quain
273 2223 517 2259 coercendam
547 2223 814 2270 evocabuntur,
844 2228 1030 2269 auctores,
1051 2223 1302 2273 vulgaverant
1330 2223 1480 2270 famam,

144 2285 369 2322 Bactrianos
403 2285 550 2335 equites
585 2299 606 2321 a
640 2285 747 2336 Rege.
768 2299 907 2332 cinnes,
938 2291 982 2323 ut
1011 2286 1283 2332 occiderentur,
1313 2285 1480 2323 accersi:

141 2347 278 2398 ”idque
317 2348 542 2398 imperatum
582 2349 699 2397 ipsis,
731 2362 803 2384 non
834 2349 1060 2387 sustinuisse
1100 2355 1226 2387 tamen
1256 2349 1405 2399 exequi,
1434 2361 1481 2385 nc

142 2411 374 2461 inexpiabile
422 2411 456 2448 in
497 2411 697 2461 populares
744 2412 890 2447 facinus
931 2413 1197 2449 admitterent:
1247 2425 1320 2450 non
1360 2411 1480 2462 magis

146 2475 356 2512 Alexandri
393 2475 591 2520 saw-itiam,
622 2476 734 2525 «lnam
759 2475 868 2511 Bessi
906 2476 1148 2525 parricidium
1179 2475 1277 2512 serre
1298 2473 1476 2524 potuisse.
