1583 2680
122 151 200 188 234
591 159 778 190 QU1NT1
815 162 999 187 cunTn

124 253 316 303 Bieoncm,
338 253 372 292 si
397 254 552 291 daretur
571 253 727 292 occasio.
786 253 980 293 Caeteram
1009 253 1198 305 principes
1228 267 1356 293 eorum
1383 256 1480 294 iram

124 317 385 355 multitudinis
416 316 700 368 mitigaverunt.
770 316 921 355 Praeter
954 329 1059 367 spem
1092 329 1198 355 suam
1233 317 1356 356 Bicon
1386 333 1480 370 pra>

126 379 226 418 senti
254 379 424 430 periculo
444 384 607 429 ereptus,
637 379 751 429 paulo
770 383 858 429 post
876 379 1082 417 insidiatus
1101 380 1320 419 auctoribus
1340 381 1476 419 salutis

126 457 204 482 suae
237 448 315 493 est,
349 444 459 493 eujus
494 443 578 480 dolo
607 443 771 494 cognito,
805 447 844 480 et
875 442 1001 493 ipsum
1032 443 1411 493 comprehenderunt,
1441 449 1482 482 et

126 505 288 545 Boxum.
365 506 555 545 Caeteriim
587 505 740 543 Boxum
771 505 945 556 protinus
985 505 1131 556 placuit
1168 506 1342 556 interfici,
1372 508 1481 545 Bico-

125 582 214 607 nem
245 569 362 606 etiam
389 582 456 619 per
488 568 698 606 cruciatum
730 568 867 606 necari.
925 568 1092 620 Jamque
1111 569 1258 619 corpori
1290 574 1483 608 tormenta

126 631 435 680 admovebantur,
456 632 545 668 cum
566 630 691 670 Graeci
710 631 866 679 milites,
889 631 1093 680 (incertum
1107 631 1155 670 ob
1169 645 1284 683 quam
1302 645 1481 681 causam),

126 694 334 745 lymphatis
354 694 497 731 similes
516 694 565 731 ad
584 707 692 731 arma
717 693 945 731 discurrunt.
1004 693 1177 739 Quorum
1195 694 1354 732 fremitu
1371 708 1482 732 exau·

127 757 221 805 dito,
253 757 319 808 qui
349 762 525 807 torquere
557 756 741 793 Biconem
766 755 866 805 jussi
897 760 1018 804 erant,
1039 756 1214 805 omisere,
1235 756 1351 795 veriti
1368 770 1416 794 ne
1442 756 1484 794 id

127 821 249 858 facere
270 819 589 857 tumultuantium
608 819 878 857 vociferatione
896 819 1205 870 prohiberentur.
1275 819 1365 870 Ille,
1385 820 1484 858 sicut

126 884 293 920 nudatus
326 887 419 931 crat,
439 881 614 933 pervenit
644 882 694 919 ad
725 881 892 931 Graecos,
912 887 950 920 et
971 883 982 900 ⁸
998 883 1228 922 miserabilis
1258 883 1379 922 facies
1398 897 1484 934 sup·

127 947 242 997 plicio
261 947 443 984 destinati
472 946 513 983 in
545 945 739 984 diversum
772 945 917 984 animos
948 947 1106 997 repente
1125 946 1303 996 mutavit,
1325 947 1484 984 dimitti-

126 1023 200 1061 que
238 1023 326 1048 eum
359 1011 566 1060 jusserunt.
642 1009 731 1047 Hoc
766 1009 878 1047 modo
916 1012 1029 1060 poena
1065 1010 1126 1049 bis
1162 1009 1360 1059 liberatus,
1397 1023 1484 1048 eum

127 1073 291 1123 caeteris,
311 1073 376 1125 qui
408 1072 576 1110 colonias
609 1085 631 1109 a
663 1072 772 1123 Rege
802 1072 1014 1110 attributas
1042 1072 1292 1124 reliquerunt,
1320 1073 1484 1111 revertit

127 1138 167 1174 in
185 1137 359 1188 patriam.
418 1137 515 1174 Haec
534 1136 634 1174 circa
654 1135 798 1173 Baetra
817 1139 855 1173 et
875 1135 1103 1186 Scytharum
1121 1135 1304 1173 terminos
1323 1140 1440 1186 gesta.

208 1204 267 1239 23.
298 1200 463 1238 Interim
500 1199 649 1250 Regem
686 1198 847 1237 duarum
883 1198 1056 1250 gentium
1094 1198 1182 1248 ⁴(de
1218 1199 1355 1250 quibus
1392 1201 1482 1236 ante

127 1265 273 1301 dietum
307 1265 379 1315 est)
401 1267 553 1301 centum
584 1261 702 1313 legati
733 1262 885 1299 adeunt.
946 1261 1087 1300 Omnes
1107 1275 1221 1300 curru
1238 1262 1481 1311 vehebantur,

127 1327 270 1364 eximia
301 1325 566 1377 magnitudine
599 1337 811 1375 corporum,
846 1324 979 1362 decoro
1009 1324 1166 1363 habitu:
1211 1325 1323 1363 lineae
1355 1331 1482 1364 vestes

129 1380 320 1428 ⁵intextae-
350 1402 455 1438 auro,
486 1390 731 1439 purpuraque
764 1387 964 1426 distinctae.
1036 1388 1087 1426 Ei
1124 1401 1163 1427 se
1201 1388 1335 1427 dedere
1368 1390 1483 1440 ipsos,

127 1455 251 1502 urbes,
283 1465 466 1504 agrosque
499 1451 728 1499 referebant,
751 1464 819 1501 per
850 1455 909 1488 tot
929 1455 1062 1489 aetates
1090 1451 1313 1489 inviolatam
1330 1452 1482 1491 liberta·

129 1523 204 1555 tem
236 1517 342 1554 illius
372 1516 542 1566 primum
573 1514 663 1551 fidei
702 1513 912 1565 ditionique
944 1514 1206 1564 permissuros.
1277 1514 1380 1553 Deos
1409 1517 1483 1555 sibi

127 1580 330 1618 deditionis
360 1583 544 1626 auctores,
575 1590 652 1615 non
681 1582 845 1614 metum:
875 1576 1015 1628 quippe
1033 1577 1216 1615 “intactis
1245 1578 1393 1617 viribus
1423 1580 1482 1629 ju-

126 1657 217 1695 gum
236 1643 418 1693 excipere.
476 1641 574 1689 Rex,
595 1639 754 1678 consilio
774 1639 916 1689 habito,
937 1640 1089 1678 deditos
1122 1641 1163 1678 in
1192 1641 1304 1679 fidem
1324 1642 1482 1693 accepit,

127 1706 331 1758 stipendio,
351 1704 451 1756 quod
480 1703 707 1742 Arachosiis
725 1707 886 1755 utraque
918 1704 1023 1742 natio
1042 1704 1274 1755 pensitabat,
1294 1705 1480 1755 imposito.

128 1771 326 1809 Praeterea
345 1769 419 1807 duo
438 1767 562 1805 millia
582 1771 620 1805 et
638 1767 866 1818 quingentos
887 1767 897 1784 ⁷
910 1767 1058 1818 equites
1076 1767 1262 1818 imperat:
1301 1773 1340 1806 et
1359 1768 1483 1806 omnia

127 1833 346 1871 obedienter
365 1846 387 1870 a
406 1831 589 1870 Barbaris
608 1830 719 1868 facta.
777 1829 958 1868 Invitatis
988 1829 1122 1867 deinde
1142 1830 1191 1867 ad
1221 1830 1352 1881 epulas
1383 1830 1482 1882 lega-

128 1898 178 1934 t-is
210 1897 395 1948 gentium,
427 1894 657 1946 regulisque,
679 1892 856 1931 exornari
883 1892 1097 1931 convivium
1125 1893 1253 1942 jussit.
1313 1892 1482 1932 Centum

128 1961 231 1998 aurci
267 1959 356 1998 lecti
392 1957 551 1996 modieis
580 1955 795 1995 intervallis
824 1955 943 2006 positi
975 1960 1094 1993 crant.
1152 1955 1290 1993 Lectos
1326 1956 1481 1994 eircum-

128 2024 284 2062 dederat
319 2022 454 2070 aulaea,
492 2023 662 2072 purpura
699 2031 866 2070 auroque
902 2018 1118 2070 fulgentia;
1163 2019 1376 2070 ⁸quidquid
1415 2025 1482 2058 aut

128 2087 227 2137 apud
260 2087 401 2124 Persas
420 2090 548 2124 vetere
567 2084 674 2132 luxu,
694 2087 761 2120 aut
791 2081 891 2133 apud
924 2081 1154 2119 Maccdonas
1186 2085 1286 2120 novat
1306 2082 1482 2120 immuta·

130 2151 232 2188 tione
263 2154 483 2199 corruptum
517 2151 609 2195 crat,
637 2145 805 2184 confusis
832 2145 1030 2196 utriusque
1062 2145 1190 2196 gentis
1209 2145 1327 2194 vitiis,
1346 2145 1387 2183 in
1415 2145 1482 2183 illo

129 2213 299 2251 convivio
329 2211 540 2249 ostendens.
598 2209 790 2247 Intererat
820 2207 944 2258 epulis
974 2207 1191 2259 Dioxippus
1219 2207 1481 2257 Atheniensis,

128 2276 235 2329 pugil
264 2274 416 2321 nobilis,
439 2279 477 2311 ct
509 2273 556 2311 ob
587 2272 763 2310 eximiam
784 2271 967 2310 virtutem
990 2271 1140 2319 virium,
1165 2272 1247 2321 jam
1274 2271 1375 2323 Regi
1402 2284 1483 2322 per·

128 2346 242 2378 notus
263 2344 301 2377 ct
319 2343 463 2390 gratus,
522 2335 652 2374 Invidi
682 2335 915 2387 malignique
936 2334 1183 2386 increpabant
1203 2335 1214 2352 ⁰
1228 2347 1296 2385 per
1316 2334 1414 2372 seria
1443 2339 1483 2372 et

130 2404 275 2451 ludum,
309 2401 470 2453 saginati
504 2399 672 2450 eorporis
703 2399 811 2450 sequi
847 2399 1022 2436 inutilem
1060 2397 1247 2448 belluam,
1291 2399 1380 2436 cum
1410 2397 1482 2447 ipsi

132 2466 301 2518 predium
334 2465 487 2513 inirent,
519 2463 601 2501 oleo
636 2462 851 2500 madentem
891 2475 1101 2513 praeparare
1140 2466 1308 2499 ventrem
1347 2460 1477 2510 epulis.
