1583 2680
125 162 168 197 14
581 171 761 201 QUINTI
801 171 987 196 cnnrn

117 268 277 302 raverat.
337 262 561 300 Alexander
579 262 707 300 fauces
732 263 828 313 jugi,
849 275 934 312 quae
955 262 981 280 ¹⁴¹
995 261 1114 312 Pylce
1133 263 1385 313 appellantur,
1406 264 1446 301 in

117 327 241 364 travit.
302 326 594 376 Contemplatus
622 325 791 363 locorum
819 325 948 373 situm,
971 326 998 342 ¹⁶
1012 338 1089 363 non
1109 325 1207 363 alias
1226 327 1347 377 magis
1367 327 1445 364 diei

117 395 180 427 tur
199 390 411 427 admiratus
432 402 513 427 esse
542 388 767 426 felicitatem
787 400 914 425 suam:
945 387 1057 426 obrui
1084 389 1255 439 potuisse
1274 389 1336 428 vel
1355 390 1458 428 saxis

115 454 377 500 confitebatur,
399 453 431 490 si
451 452 616 489 fuissent
645 451 712 502 qui
742 451 782 488 in
816 451 1024 489 subeuntes
1054 452 1316 502 propellerent.
1374 453 1462 505 Iter

115 516 178 553 vix
200 517 225 534 ¹⁰
241 521 445 567 quaternos
465 515 638 565 capiebat
658 518 834 552 armatos.
893 514 1060 552 Dorsum
1074 515 1216 553 montis
1235 515 1459 554 imminebat

115 580 196 628 vire,
216 593 290 616 non
306 584 477 629 angustae
490 578 614 626 modo,
632 578 699 615 sed
713 578 941 629 plerumque
955 583 1173 630 praeruptae,
1190 579 1336 617 crebris
1353 579 1456 617 ober-

116 643 286 679 rantibus
321 643 425 688 rivis,
446 642 512 693 qui
541 655 588 679 ex
615 641 809 679 radicibus
843 642 1029 679 montium
1061 646 1228 679 manant.
1289 642 1458 679 Thracas

115 711 239 742 tamen
261 705 400 743 leviter
420 710 586 742 armatos
614 705 831 755 praecedere
855 706 1039 754 jusserat,
1061 705 1300 756 scrutarique
1329 705 1457 753 ealles,

114 782 158 804 ne
193 756 364 805 occultus
402 768 524 806 hostis
562 768 601 805 in
638 768 844 806 subeuntes
877 773 1104 818 erumperet.
1163 768 1458 818 Sagittariorum

112 844 261 881 quoque
287 844 422 868 manus
452 835 704 880 occupaverat
728 833 885 882 jugum:
915 831 1084 869 intentos
1115 844 1225 868 arcus
1254 831 1457 880 habebant,

114 895 138 911 ¹⁷
152 894 298 942 moniti,
319 907 394 931 non
415 894 488 931 iter
507 895 611 944 ipsos
630 893 740 942 inire,
761 894 829 931 sed
857 893 1047 944 praelium.
1105 894 1193 931 Hoc
1221 894 1334 932 modo
1356 895 1457 946 l‘³ag-

111 970 197 994 men
230 958 407 1007 pervenit
440 958 488 994 ad
516 957 651 995 urbem
687 957 846 1005 Tarson,
878 957 980 995 ¹⁹cui
1013 962 1097 994 tum
1126 957 1292 994 maxime
1325 958 1458 996 Persae

112 1020 369 1069 subjiciebant
396 1021 536 1070 ignem,
560 1033 608 1057 ne
627 1020 852 1069 opulentum
881 1020 1064 1070 oppidum
1093 1021 1216 1058 hostis
1244 1021 1454 1059 invaderet.

113 1084 168 1119 At
187 1083 265 1131 illc,
288 1083 543 1120 Parmenione
563 1083 612 1120 ad
631 1083 884 1121 inhibendum
911 1083 1131 1121 incendium
1160 1097 1248 1121 cum
1277 1084 1458 1134 expedita

111 1160 225 1183 manu
244 1147 453 1196 praemisso,
474 1151 676 1196 postquam
710 1146 895 1184 barbaros
929 1146 1099 1184 adventu
1129 1160 1285 1186 suorum
1303 1148 1457 1199 fugatos

112 1222 193 1246 esse
215 1214 456 1259 cognoverat,
477 1209 613 1247 urbem
634 1222 656 1246 a
677 1221 716 1246 Se
738 1214 1003 1247 conservatam
1022 1210 1155 1248 intrat.

191 1272 239 1310 V.
276 1274 331 1311 11.
362 1272 547 1309 ¹Mediam
568 1271 726 1322 Cydnus
745 1271 879 1320 amnis,
908 1272 954 1309 de
985 1286 1057 1323 quo
1074 1273 1188 1323 paule
1209 1274 1295 1311 antev
1313 1274 1457 1312 dietum

110 1340 179 1383 est,
200 1335 407 1385 interfluit3
438 1340 477 1372 et
496 1339 585 1372 tunc
602 1340 716 1373 aestas
742 1340 834 1382 erat,
855 1337 962 1385 cujus
986 1336 1087 1374 calor
1105 1349 1181 1374 non
1202 1337 1317 1374 aliam
1337 1338 1457 1388 magis

109 1399 225 1448 quam
259 1397 407 1436 Cilieiae
439 1411 542 1435 oram
574 1410 713 1448 vapore
752 1398 842 1435 solis
879 1399 1075 1448 accendit,
1108 1404 1148 1436 et
1176 1399 1252 1437 diei
1287 1400 1457 1437 fervidis-

110 1461 247 1498 simum
279 1465 428 1510 tempus
459 1465 633 1510 coeperat.
690 1460 853 1499 Pulvere
887 1474 928 1498 ae
957 1461 1096 1499 sudore
1124 1462 1237 1499 simul
1262 1462 1458 1512 perfusum

126 1525 256 1575 J»egem
288 1523 468 1562 invitavit
504 1524 629 1574 liquor
663 1524 839 1572 fluminis,
876 1529 921 1561 ut
957 1524 1120 1562 calidum
1156 1525 1279 1563 adhuc
1324 1538 1457 1575 corpus

110 1587 287 1625 ablueret.
346 1586 482 1637 Itaque
514 1591 621 1625 veste
655 1586 841 1636 deposita,
881 1587 920 1624 in
952 1592 1153 1638 conspeetu
1184 1588 1345 1639 agminis
1383 1589 1458 1638 (de-

110 1663 239 1687 corum
275 1662 424 1700 quoque
460 1650 633 1687 fut-urum
668 1655 788 1698 ratuS,
837 1650 870 1688 si
907 1650 1137 1688 ostendisset
1173 1651 1264 1699 suis,
1303 1651 1379 1689 levi
1417 1664 1459 1689 ae

109 1712 273 1762 parabili
293 1713 422 1750 ²eultu
441 1712 608 1762 eorporis
628 1725 667 1750 se
686 1725 768 1750 esse
784 1715 1017 1764 contentum)
1035 1713 1232 1751 deseendit
1250 1714 1290 1750 in
1309 1714 1457 1762 flumen,

110 1776 245 1826 vixque
266 1776 451 1826 ³ingressi
481 1775 607 1813 subito
637 1775 791 1812 horrore
811 1780 918 1813 artus
946 1776 1068 1826 rigere
1088 1781 1306 1826 coeperunt:
1335 1777 1459 1826 pallor

110 1838 244 1875 deinde
265 1838 428 1874 suffusus
449 1843 518 1885 est,
539 1842 578 1874 et
607 1841 729 1874 totum
756 1837 1025 1886 propemodum
1053 1851 1189 1888 eorpus
1209 1838 1339 1876 vitalis
1358 1839 1459 1877 calor

111 1901 275 1951 reliquit.
347 1899 552 1950 Expiranti
590 1899 765 1947 similem,
802 1900 970 1937 ministri
1006 1914 1120 1938 manu
1151 1901 1358 1951 excipiunt,
1391 1915 1458 1940 nee

110 1965 203 2002 satis
241 1968 450 2013 compotem
481 1962 619 2000 mentis
656 1962 696 1999 in
733 1962 1020 2000 tabernaculum
1056 1964 1240 2002 deferunt.
1317 1965 1458 2016 Ingens

110 2027 340 2075 sollicitudo,
361 2031 399 2064 et
429 2027 524 2076 pene
554 2027 634 2076 jam
667 2025 794 2063 luctus
823 2027 860 2063 in
889 2027 1026 2063 castris
1049 2033 1141 2065 erat.
1199 2027 1352 2065 Flentes
1371 2042 1458 2079 que-

110 2091 302 2138 rebantur,
323 2091 368 2111 ⁴“
382 2090 423 2127 in
442 2094 549 2127 tanto
579 2089 725 2139 impetu
752 2102 939 2139 cursuque
964 2103 1099 2137 rerum,
1121 2090 1241 2127 omnis
1261 2091 1387 2128 :etatis
1416 2105 1458 2129 ne

111 2153 301 2192 memoria>
321 2153 574 2190 clarissimum
594 2153 742 2203 Regem
761 2165 835 2189 non
864 2153 902 2189 in
923 2153 1002 2190 acie
1022 2153 1168 2201 saltem,
1188 2166 1262 2190 non
1282 2153 1330 2191 ab
1348 2153 1455 2192 hoste

111 2217 308 2266 dejectum,
343 2216 408 2255 sed
446 2216 664 2254 abluentem
701 2219 797 2267 aqua
833 2229 980 2265 eorpus,
1010 2223 1180 2266 ereptum
1208 2230 1299 2265 esse,
1333 2223 1371 2255 et
1398 2231 1452 2255 ex·

111 2280 294 2317 tinctum:
324 2280 468 2317 instare
489 2279 662 2327 Darium,
684 2278 880 2316 ‘'victorem
895 2284 1097 2330 antequam
1117 2279 1278 2317 vidisset
1297 2280 1443 2318 hostem

111 2343 191 2381 Sibi
224 2343 374 2381 easdem
409 2348 542 2390 terras,
576 2355 669 2393 quas
701 2341 864 2379 victores
896 2345 1172 2393 peragrassent,
1206 2342 1456 2392 repetendas:

112 2407 236 2443 omnia
256 2412 321 2444 aut
341 2407 453 2456 ipsos,
473 2410 540 2443 aut
568 2405 694 2443 hostes
723 2405 946 2455 populatos:
977 2419 1042 2455 per
1061 2410 1190 2443 vastas
1219 2405 1455 2453 solitudines,

113 2469 260 2506 etiamsi
281 2483 388 2507 uenio
409 2468 554 2519 insequi
575 2468 682 2515 velit,
703 2473 847 2515 euntes,
868 2468 965 2505 fame
995 2474 1107 2519 utque
1130 2468 1252 2519 iuopia
1275 2468 1455 2507 debellari
