1583 2680
464 167 626 193 L11313r„
667 167 788 193 V111.
833 167 945 192 car.
990 167 1056 192 1x.
1361 157 1431 194 199

91 264 192 298 cunt.
277 258 457 298 Gemmas
508 259 806 311 margaritasque
852 272 955 298 mare
1003 258 1200 298 littoribus
1248 258 1428 297 infundit.

91 323 226 375 Nequ:
260 322 336 360 alia
365 322 444 360 illis
476 323 598 372 major
627 323 833 373 opulentiae
861 323 1008 360 ¹⁰causa
1027 327 1098 370 est,
1120 323 1294 373 nutique
1330 327 1430 372 post-

89 399 202 437 quam
234 386 418 424 vitiorum
460 386 726 423 commercium
758 385 966 437 vulgavere
1011 385 1052 423 in
1089 389 1241 422 exteras
1275 389 1428 435 gentes:

88 449 226 499 quippe
256 437 498 487 aestimantur
531 453 781 498 purgamenta
812 447 1012 486 aestuantis
1045 447 1138 486 freti
1170 447 1296 498 pretio
1326 444 1459 498 quod⁸

91 511 114 529 ¹²
128 510 248 549 libido
267 510 477 548 constituit.
520 510 682 560 Ingenia
700 510 908 560 hominum,
928 511 1027 548 sicut
1038 510 1192 562 ubique,
1214 509 1317 560 apud
1336 509 1426 546 illos

88 573 257 612 locorum
276 586 426 625 quoque
447 574 544 611 situs
565 574 713 611 format.
773 573 944 624 Corpora
972 586 1091 625 usque
1120 573 1238 624 pedes
1272 571 1429 611 carbaso

88 636 229 674 velant.
300 636 424 674 Soleis
458 636 586 686 pech,
622 636 748 686 capita
786 636 915 674 linteis
948 635 1130 674 vinciunt.
1207 634 1352 685 Lapilli
1383 647 1430 672 ex

88 699 244 737 auribus
271 698 466 749 pendent:
496 699 652 737 brachia
682 712 843 750 quoque,
865 703 904 736 et
936 698 1102 737 lacertos
1133 711 1226 736 auro
1249 698 1272 715 ¹³
1285 697 1428 744 colunt,

88 762 227 812 quibus
246 761 347 800 inter
366 761 568 812 populares
588 768 655 799 aut
682 762 864 800 nobilitas
892 767 959 800 aut
978 774 1068 812 opes
1088 761 1266 800 eminent.
1325 761 1347 778 ¹⁴
1362 759 1429 798 Ca-

89 825 223 875 pillum
242 830 401 875 pectunt
420 825 563 875 saepius
590 826 705 876 quam
725 825 886 863 tondent
903 839 910 863 :
942 830 1113 863 mentum
1132 837 1281 875 semper
1308 824 1428 861 inton-

90 901 174 925 sum
207 894 276 926 est.
347 888 553 939 Reliquam
587 889 664 925 oris
696 893 823 926 cutem
857 888 905 926 ad
938 887 1102 939 speciem
1130 887 1301 927 levitatis
1332 900 1429 925 exae-

89 956 219 1002 quant.

170 1015 231 1051 30.
261 1013 411 1064 Regum
453 1017 579 1050 tamen
620 1012 818 1061 ¹⁵luxuria,
855 1026 967 1063 quam
1003 1012 1078 1063 ipsi
1111 1012 1430 1064 magnificentiam

89 1075 294 1125 appellant,
313 1088 427 1125 supra
445 1075 613 1112 omnium
631 1075 804 1126 gentium
821 1075 927 1114 vitia.
998 1074 1099 1114 Cum
1117 1075 1206 1113 Rex
1224 1088 1263 1113 se
1282 1075 1322 1112 in
1339 1075 1430 1125 pub-

87 1138 161 1176 lico
179 1137 342 1188 conspici
360 1137 519 1188 patitur,
539 1137 735 1176 thuribula
752 1143 931 1189 argentea,
948 1137 1114 1176 ministri
1133 1139 1272 1187 ferunt,
1292 1143 1430 1176 totum-

87 1214 159 1252 que
177 1201 263 1249 iter,
283 1213 350 1251 per
367 1200 470 1252 quod
488 1201 580 1238 ferri
608 1200 825 1250 destinavit,
845 1200 1024 1239 odoribus
1043 1200 1243 1251 complent.
1298 1201 1430 1239 Aurea

88 1263 224 1301 lectica
256 1263 472 1315 margaritis
517 1263 912 1314 circumpendentibus
948 1263 1119 1302 recubat.
1195 1263 1431 1301 ¹⁶Distineta

88 1331 176 1364 sunt
206 1339 298 1365 auro
317 1331 356 1364 et
384 1329 552 1377 purpura
580 1326 747 1375 carbasa,
766 1339 851 1377 quae
876 1326 1031 1364 indutus
1064 1331 1147 1365 est:
1175 1326 1347 1364 lecticam
1375 1339 1428 1364 se-

88 1394 258 1441 quuntur
288 1389 423 1427 armati
456 1389 695 1440 corporisque
713 1389 900 1427 custodes.
956 1389 1066 1427 Inter
1083 1401 1176 1440 quos
1208 1390 1323 1428 ramis
1342 1402 1430 1428 aves

87 1452 265 1502 pendent,
284 1465 378 1503 quas
396 1457 510 1490 cantu
529 1452 639 1490 seriis
657 1452 770 1491 rebus
788 1452 1003 1502 obstrepere
1031 1452 1248 1491 docuerunt.
1304 1453 1430 1504 Regia

90 1515 113 1532 ¹⁷
127 1520 281 1552 auratas
309 1515 501 1553 columnas
532 1514 666 1564 habet3
696 1520 796 1553 totas
824 1527 888 1552 eas
905 1515 998 1554 vitis
1027 1515 1160 1554 ²⁸auro
1187 1515 1320 1554 caelata
1346 1528 1428 1566 per-

89 1577 220 1626 currit,
257 1577 468 1628 aviumque,
504 1590 662 1628 quarum
697 1577 782 1615 visu
817 1577 980 1630 maxime
1024 1578 1203 1629 gaudent,
1240 1583 1429 1630 argenteae

89 1640 227 1691 effigies
262 1653 377 1691 opera
415 1639 640 1691 distingunt.
714 1640 840 1691 Regia
875 1640 1100 1678 adeuntibus
1135 1646 1252 1690 patet.
1327 1641 1428 1681 Ci'im

89 1703 268 1754 capillum
294 1703 412 1754 pectit
443 1709 554 1754 atquc
583 1707 702 1751 ornat,
722 1707 813 1740 tunc
837 1715 1015 1753 responsa
1046 1703 1309 1755 legationibus,
1338 1710 1428 1744 tunc

97 1768 186 1817 jura
203 1766 448 1817 popularibus
475 1766 612 1804 reddit.
668 1765 844 1816 Demptis
875 1766 1000 1815 soleis,
1020 1766 1197 1805 odoribus
1227 1767 1429 1807 illinuntur

87 1829 214 1880 pedes.
284 1830 308 1848 ¹⁹
325 1829 504 1867 Venatus
533 1818 724 1867 maximus
755 1829 862 1867 labor
895 1833 964 1877 est,
998 1829 1144 1867 inclusa
1175 1829 1321 1868 vivario
1350 1831 1426 1869 ani-

86 1892 203 1930 malia
220 1891 323 1930 inter
341 1897 431 1931 vota
448 1897 653 1943 cantusque
675 1891 855 1942 pellicum
873 1893 995 1943 figere.
1051 1892 1197 1930 Binum
1216 1893 1426 1932 cubitorum

87 1955 238 2007 sagittae
256 1960 356 2004 sunt,
375 1968 470 2006 quas
500 1955 680 1993 emittunt
697 1957 839 2005 majore
856 1955 950 1992 nixu
967 1956 1081 2005 quam
1102 1955 1235 1992 effectu
1251 1968 1260 1993 ε
1288 1956 1426 2007 quippe

87 2019 218 2066 telum,
246 2020 356 2068 cujus
384 2018 427 2056 in
443 2018 601 2056 levitate
619 2019 678 2056 vis
709 2018 830 2055 omnis
848 2023 915 2066 est,
937 2018 962 2035 ²⁰
976 2017 1137 2055 inhabili
1156 2017 1322 2068 pondere
1341 2031 1426 2057 onc-

86 2087 204 2120 ratur.
261 2081 445 2120 Breviora
463 2081 604 2119 itinera
631 2094 725 2131 cquo
745 2081 900 2119 conficit.
957 2080 1126 2132 Longior
1143 2081 1211 2119 ubi
1231 2081 1425 2132 expeditio

87 2150 157 2191 est,
177 2143 370 2194 elephanti
390 2143 534 2182 vehunt
565 2156 729 2191 currum,
748 2149 788 2180 et
815 2148 1006 2181 tantarum
1037 2143 1250 2182 belluarum
1268 2157 1425 2195 corpora

86 2213 167 2244 tota
187 2211 391 2258 contegunt
410 2219 511 2244 auro.
568 2207 628 2244 Ac
657 2218 705 2243 ne
723 2205 815 2257 quid
846 2205 1007 2256 perditis
1037 2206 1207 2245 moribus
1225 2207 1338 2256 desit,
1355 2207 1425 2245 lec-

86 2270 172 2308 ticis
209 2270 334 2307 aureis
369 2269 548 2320 pellicum
584 2269 719 2321 longus
762 2269 853 2308 ordo
889 2270 1070 2321 sequitur.
1145 2270 1367 2321 Scparatum
1403 2284 1425 2308 a

86 2333 248 2384 Reginae
267 2332 399 2370 ordine
417 2345 550 2383 agmen
569 2337 637 2380 cst,
656 2337 855 2384 aequatque
874 2332 1040 2371 luxuria.
1096 2333 1128 2370 F
1131 2333 1275 2372 oeminae
1294 2333 1423 2383 epulas

84 2402 231 2447 parant.
288 2395 352 2433 Ab
384 2395 519 2433 iisdem
537 2395 665 2433 vinum
697 2395 947 2444 ministratur,
967 2397 1076 2445 cujus
1109 2395 1280 2433 omnibus
1313 2395 1423 2433 Indis

84 2459 211 2511 largus
243 2464 301 2498 est
332 2472 434 2497 usus.
503 2458 647 2510 Regum
683 2471 785 2497 maro
815 2471 1015 2509 somnoque
1043 2458 1220 2508 sopitum,
1255 2458 1292 2494 in
1321 2458 1420 2496 cubi·
