<?xml version="1.0" encoding="UTF-8"?>
<!DOCTYPE html PUBLIC "-//W3C//DTD XHTML 1.0 Transitional//EN"
    "http://www.w3.org/TR/xhtml1/DTD/xhtml1-transitional.dtd">
<html xmlns="http://www.w3.org/1999/xhtml" xml:lang="en" lang="en">
 <head>
  <title>
</title>
<meta http-equiv="Content-Type" content="text/html;charset=utf-8" />
  <meta name='ocr-system' content='tesseract 3.04.00' />
  <meta name='ocr-capabilities' content='ocr_page ocr_carea ocr_par ocr_line ocrx_word'/>
</head>
<body>
  <div class='ocr_page' id='page_1' title='image "./lifeexploitsofal00curtuoft/lifeexploitsofal00curtuoft_0230.png"; bbox 0 0 1583 2680; ppageno 0'>
   <div class='ocr_carea' id='block_1_1' title="bbox 135 171 1018 211">
    <p class='ocr_par' dir='ltr' id='par_1_1' title="bbox 135 171 1018 211">
     <span class='ocr_line' id='line_1_1' title="bbox 135 171 1018 211; baseline -0.001 -3"><span class='ocrx_word' id='word_1_1' title='bbox 135 171 213 208; x_wconf 78' lang='lat'>220</span> <span class='ocrx_word' id='word_1_2' title='bbox 585 181 780 211; x_wconf 81' lang='lat' dir='ltr'>QUINTI</span> <span class='ocrx_word' id='word_1_3' title='bbox 827 181 1018 207; x_wconf 75' lang='lat' dir='ltr'>cnn&#39;rrl</span> 
     </span>
    </p>
   </div>
   <div class='ocr_carea' id='block_1_2' title="bbox 123 272 1477 2530">
    <p class='ocr_par' dir='ltr' id='par_1_2' title="bbox 125 272 1477 1202">
     <span class='ocr_line' id='line_1_2' title="bbox 130 272 1474 325; baseline -0.001 -13"><span class='ocrx_word' id='word_1_4' title='bbox 130 276 278 325; x_wconf 81' lang='lat' dir='ltr'>majora.</span> <span class='ocrx_word' id='word_1_5' title='bbox 310 278 400 311; x_wconf 90' lang='lat' dir='ltr'>sunt</span> <span class='ocrx_word' id='word_1_6' title='bbox 418 286 519 312; x_wconf 84' lang='lat' dir='ltr'>vero.</span> <span class='ocrx_word' id='word_1_7' title='bbox 575 275 587 292; x_wconf 84' lang='lat'><strong>⁹</strong></span> <span class='ocrx_word' id='word_1_8' title='bbox 602 273 747 312; x_wconf 82' lang='lat' dir='ltr'>Nostra</span> <span class='ocrx_word' id='word_1_9' title='bbox 765 285 910 325; x_wconf 86' lang='lat' dir='ltr'>quoque</span> <span class='ocrx_word' id='word_1_10' title='bbox 940 273 1074 325; x_wconf 86' lang='lat' dir='ltr'>gloria,</span> <span class='ocrx_word' id='word_1_11' title='bbox 1093 275 1176 311; x_wconf 72' lang='lat' dir='ltr'>cum</span> <span class='ocrx_word' id='word_1_12' title='bbox 1204 273 1254 312; x_wconf 85' lang='lat' dir='ltr'>sit</span> <span class='ocrx_word' id='word_1_13' title='bbox 1272 287 1320 312; x_wconf 82' lang='lat' dir='ltr'>ex</span> <span class='ocrx_word' id='word_1_14' title='bbox 1339 272 1474 320; x_wconf 55' lang='lat' dir='ltr'>solido,</span> 
     </span>
     <span class='ocr_line' id='line_1_3' title="bbox 129 336 1474 389; baseline -0.001 -14"><span class='ocrx_word' id='word_1_15' title='bbox 129 338 215 388; x_wconf 88' lang='lat' dir='ltr'>plus</span> <span class='ocrx_word' id='word_1_16' title='bbox 250 342 376 375; x_wconf 85' lang='lat' dir='ltr'>tamen</span> <span class='ocrx_word' id='word_1_17' title='bbox 409 337 524 376; x_wconf 88' lang='lat' dir='ltr'>habet</span> <span class='ocrx_word' id='word_1_18' title='bbox 555 336 718 375; x_wconf 88' lang='lat' dir='ltr'>nominis</span> <span class='ocrx_word' id='word_1_19' title='bbox 750 337 867 387; x_wconf 72' lang='lat' dir='ltr'>quam</span> <span class='ocrx_word' id='word_1_20' title='bbox 885 337 1019 387; x_wconf 87' lang='lat' dir='ltr'>operis.</span> <span class='ocrx_word' id='word_1_21' title='bbox 1076 336 1194 374; x_wconf 76' lang='lat' dir='ltr'>Modo</span> <span class='ocrx_word' id='word_1_22' title='bbox 1212 337 1297 389; x_wconf 89' lang='lat' dir='ltr'>quis</span> <span class='ocrx_word' id='word_1_23' title='bbox 1327 337 1474 376; x_wconf 81' lang='lat' dir='ltr'>belluas</span> 
     </span>
     <span class='ocr_line' id='line_1_4' title="bbox 131 399 1475 451; baseline -0.001 -12"><span class='ocrx_word' id='word_1_24' title='bbox 131 401 329 439; x_wconf 84' lang='lat' dir='ltr'>offerentes</span> <span class='ocrx_word' id='word_1_25' title='bbox 358 400 540 438; x_wconf 87' lang='lat' dir='ltr'>moenium</span> <span class='ocrx_word' id='word_1_26' title='bbox 573 400 748 450; x_wconf 87' lang='lat' dir='ltr'>speciem,</span> <span class='ocrx_word' id='word_1_27' title='bbox 767 399 852 450; x_wconf 88' lang='lat' dir='ltr'>quis</span> <span class='ocrx_word' id='word_1_28' title='bbox 881 399 1094 450; x_wconf 81' lang='lat' dir='ltr'>Hydaspen</span> <span class='ocrx_word' id='word_1_29' title='bbox 1125 413 1283 448; x_wconf 87' lang='lat' dir='ltr'>amnem,</span> <span class='ocrx_word' id='word_1_30' title='bbox 1303 400 1389 451; x_wconf 88' lang='lat' dir='ltr'>quis</span> <span class='ocrx_word' id='word_1_31' title='bbox 1408 413 1475 438; x_wconf 88' lang='lat' dir='ltr'>cae-</span> 
     </span>
     <span class='ocr_line' id='line_1_5' title="bbox 128 462 1476 513; baseline -0.001 -12"><span class='ocrx_word' id='word_1_32' title='bbox 128 468 211 501; x_wconf 86' lang='lat' dir='ltr'>tera</span> <span class='ocrx_word' id='word_1_33' title='bbox 247 463 382 501; x_wconf 85' lang='lat' dir='ltr'>auditu</span> <span class='ocrx_word' id='word_1_34' title='bbox 417 464 562 513; x_wconf 87' lang='lat' dir='ltr'>majora</span> <span class='ocrx_word' id='word_1_35' title='bbox 597 464 713 513; x_wconf 74' lang='lat' dir='ltr'>quam</span> <span class='ocrx_word' id='word_1_36' title='bbox 749 475 850 511; x_wconf 87' lang='lat' dir='ltr'>vero,</span> <span class='ocrx_word' id='word_1_37' title='bbox 890 463 1074 501; x_wconf 88' lang='lat' dir='ltr'>sustinere</span> <span class='ocrx_word' id='word_1_38' title='bbox 1111 475 1220 513; x_wconf 85' lang='lat' dir='ltr'>posse</span> <span class='ocrx_word' id='word_1_39' title='bbox 1265 462 1476 501; x_wconf 84' lang='lat' dir='ltr'>credebat?</span> 
     </span>
     <span class='ocr_line' id='line_1_6' title="bbox 130 525 1476 577; baseline -0.001 -13"><span class='ocrx_word' id='word_1_40' title='bbox 130 525 235 565; x_wconf 83' lang='lat' dir='ltr'>Olim</span> <span class='ocrx_word' id='word_1_41' title='bbox 271 526 425 564; x_wconf 77' lang='lat' dir='ltr'>hercule</span> <span class='ocrx_word' id='word_1_42' title='bbox 461 526 690 577; x_wconf 77' lang='lat' dir='ltr'>fugissemus</span> <span class='ocrx_word' id='word_1_43' title='bbox 728 539 775 563; x_wconf 84' lang='lat' dir='ltr'>ex</span> <span class='ocrx_word' id='word_1_44' title='bbox 805 525 917 572; x_wconf 70' lang='lat' dir='ltr'>Asia,</span> <span class='ocrx_word' id='word_1_45' title='bbox 950 525 984 563; x_wconf 92' lang='lat' dir='ltr'>si</span> <span class='ocrx_word' id='word_1_46' title='bbox 1019 538 1088 564; x_wconf 91' lang='lat' dir='ltr'>nos</span> <span class='ocrx_word' id='word_1_47' title='bbox 1116 525 1257 564; x_wconf 85' lang='lat' dir='ltr'>fabulae</span> <span class='ocrx_word' id='word_1_48' title='bbox 1284 525 1476 563; x_wconf 77' lang='lat' dir='ltr'>debellare</span> 
     </span>
     <span class='ocr_line' id='line_1_7' title="bbox 126 587 1476 639; baseline -0.001 -13"><span class='ocrx_word' id='word_1_49' title='bbox 126 589 351 639; x_wconf 84' lang='lat' dir='ltr'>potuissent.</span> <span class='ocrx_word' id='word_1_50' title='bbox 422 588 639 628; x_wconf 78' lang='lat' dir='ltr'>Creditisne</span> <span class='ocrx_word' id='word_1_51' title='bbox 685 587 970 638; x_wconf 85' lang='lat' dir='ltr'>elephantorum</span> <span class='ocrx_word' id='word_1_52' title='bbox 1006 600 1140 639; x_wconf 83' lang='lat' dir='ltr'>greges</span> <span class='ocrx_word' id='word_1_53' title='bbox 1185 589 1347 638; x_wconf 86' lang='lat' dir='ltr'>majores</span> <span class='ocrx_word' id='word_1_54' title='bbox 1393 601 1476 625; x_wconf 83' lang='lat' dir='ltr'>esse</span> 
     </span>
     <span class='ocr_line' id='line_1_8' title="bbox 127 650 1475 702; baseline 0 -14"><span class='ocrx_word' id='word_1_55' title='bbox 127 653 241 702; x_wconf 72' lang='lat' dir='ltr'>quam</span> <span class='ocrx_word' id='word_1_56' title='bbox 273 664 433 702; x_wconf 85' lang='lat' dir='ltr'>usquam</span> <span class='ocrx_word' id='word_1_57' title='bbox 465 656 720 690; x_wconf 74' lang='lat' dir='ltr'>armentorum</span> <span class='ocrx_word' id='word_1_58' title='bbox 751 650 872 689; x_wconf 82' lang='lat' dir='ltr'>sunt?</span> <span class='ocrx_word' id='word_1_59' title='bbox 901 653 991 688; x_wconf 75' lang='lat' dir='ltr'>cum</span> <span class='ocrx_word' id='word_1_60' title='bbox 1019 656 1058 688; x_wconf 89' lang='lat' dir='ltr'>et</span> <span class='ocrx_word' id='word_1_61' title='bbox 1086 664 1214 688; x_wconf 89' lang='lat' dir='ltr'>rarum</span> <span class='ocrx_word' id='word_1_62' title='bbox 1246 651 1298 689; x_wconf 85' lang='lat' dir='ltr'>sit</span> <span class='ocrx_word' id='word_1_63' title='bbox 1323 651 1475 698; x_wconf 87' lang='lat' dir='ltr'>animal,</span> 
     </span>
     <span class='ocr_line' id='line_1_9' title="bbox 127 713 1476 765; baseline 0 -14"><span class='ocrx_word' id='word_1_64' title='bbox 127 727 195 752; x_wconf 89' lang='lat' dir='ltr'>nec</span> <span class='ocrx_word' id='word_1_65' title='bbox 232 714 347 752; x_wconf 76' lang='lat' dir='ltr'>facile</span> <span class='ocrx_word' id='word_1_66' title='bbox 384 714 566 765; x_wconf 86' lang='lat' dir='ltr'>capiatur,</span> <span class='ocrx_word' id='word_1_67' title='bbox 604 713 800 763; x_wconf 87' lang='lat' dir='ltr'>multoque</span> <span class='ocrx_word' id='word_1_68' title='bbox 836 713 1031 750; x_wconf 76' lang='lat' dir='ltr'>difficilius</span> <span class='ocrx_word' id='word_1_69' title='bbox 1067 713 1278 764; x_wconf 86' lang='lat' dir='ltr'>mitigetur.</span> <span class='ocrx_word' id='word_1_70' title='bbox 1351 713 1476 764; x_wconf 84' lang='lat' dir='ltr'>Atqui</span> 
     </span>
     <span class='ocr_line' id='line_1_10' title="bbox 128 776 1477 827; baseline 0 -13"><span class='ocrx_word' id='word_1_71' title='bbox 128 778 150 795; x_wconf 89' lang='lat'>¹⁰</span> <span class='ocrx_word' id='word_1_72' title='bbox 165 777 295 814; x_wconf 87' lang='lat' dir='ltr'>eadem</span> <span class='ocrx_word' id='word_1_73' title='bbox 309 777 460 815; x_wconf 77' lang='lat' dir='ltr'>vanitas</span> <span class='ocrx_word' id='word_1_74' title='bbox 473 777 600 827; x_wconf 88' lang='lat' dir='ltr'>copias</span> <span class='ocrx_word' id='word_1_75' title='bbox 618 776 792 826; x_wconf 88' lang='lat' dir='ltr'>peditum</span> <span class='ocrx_word' id='word_1_76' title='bbox 810 776 1053 827; x_wconf 74' lang='lat' dir='ltr'>equitumque</span> <span class='ocrx_word' id='word_1_77' title='bbox 1071 776 1297 815; x_wconf 75' lang='lat' dir='ltr'>numeravit.</span> <span class='ocrx_word' id='word_1_78' title='bbox 1339 778 1362 795; x_wconf 72' lang='lat'>²¹</span> <span class='ocrx_word' id='word_1_79' title='bbox 1376 776 1477 814; x_wconf 85' lang='lat' dir='ltr'>Nam</span> 
     </span>
     <span class='ocr_line' id='line_1_11' title="bbox 126 838 1477 890; baseline 0 -14"><span class='ocrx_word' id='word_1_80' title='bbox 126 840 265 876; x_wconf 86' lang='lat' dir='ltr'>flumen</span> <span class='ocrx_word' id='word_1_81' title='bbox 294 852 368 890; x_wconf 88' lang='lat' dir='ltr'>quo</span> <span class='ocrx_word' id='word_1_82' title='bbox 400 839 521 877; x_wconf 73' lang='lat' dir='ltr'>latius</span> <span class='ocrx_word' id='word_1_83' title='bbox 551 839 679 876; x_wconf 86' lang='lat' dir='ltr'>fusum</span> <span class='ocrx_word' id='word_1_84' title='bbox 711 843 781 887; x_wconf 89' lang='lat' dir='ltr'>est,</span> <span class='ocrx_word' id='word_1_85' title='bbox 813 838 884 876; x_wconf 88' lang='lat' dir='ltr'>hoc</span> <span class='ocrx_word' id='word_1_86' title='bbox 915 838 1101 890; x_wconf 72' lang='lat' dir='ltr'>placidius</span> <span class='ocrx_word' id='word_1_87' title='bbox 1134 844 1308 890; x_wconf 86' lang='lat' dir='ltr'>stagnat;</span> <span class='ocrx_word' id='word_1_88' title='bbox 1338 839 1477 890; x_wconf 89' lang='lat' dir='ltr'>quippe</span> 
     </span>
     <span class='ocr_line' id='line_1_12' title="bbox 128 901 1476 953; baseline 0.001 -15"><span class='ocrx_word' id='word_1_89' title='bbox 128 901 300 952; x_wconf 86' lang='lat' dir='ltr'>angustis</span> <span class='ocrx_word' id='word_1_90' title='bbox 319 902 414 952; x_wconf 87' lang='lat' dir='ltr'>ripis</span> <span class='ocrx_word' id='word_1_91' title='bbox 435 902 459 920; x_wconf 79' lang='lat'>¹²</span> <span class='ocrx_word' id='word_1_92' title='bbox 473 901 648 951; x_wconf 86' lang='lat' dir='ltr'>coercita,</span> <span class='ocrx_word' id='word_1_93' title='bbox 669 905 709 939; x_wconf 90' lang='lat' dir='ltr'>et</span> <span class='ocrx_word' id='word_1_94' title='bbox 738 902 778 940; x_wconf 91' lang='lat' dir='ltr'>in</span> <span class='ocrx_word' id='word_1_95' title='bbox 809 901 1067 953; x_wconf 86' lang='lat' dir='ltr'>angustiorem</span> <span class='ocrx_word' id='word_1_96' title='bbox 1097 902 1248 940; x_wconf 84' lang='lat' dir='ltr'>alveum</span> <span class='ocrx_word' id='word_1_97' title='bbox 1277 902 1382 951; x_wconf 78' lang='lat' dir='ltr'>elisa,</span> <span class='ocrx_word' id='word_1_98' title='bbox 1401 907 1476 940; x_wconf 88' lang='lat' dir='ltr'>tor-</span> 
     </span>
     <span class='ocr_line' id='line_1_13' title="bbox 125 965 1477 1016; baseline 0 -14"><span class='ocrx_word' id='word_1_99' title='bbox 125 970 252 1002; x_wconf 82' lang='lat' dir='ltr'>rentes</span> <span class='ocrx_word' id='word_1_100' title='bbox 284 977 400 1016; x_wconf 85' lang='lat' dir='ltr'>aquas</span> <span class='ocrx_word' id='word_1_101' title='bbox 432 965 641 1004; x_wconf 85' lang='lat' dir='ltr'>invehunt:</span> <span class='ocrx_word' id='word_1_102' title='bbox 671 967 804 1004; x_wconf 73' lang='lat' dir='ltr'>contra</span> <span class='ocrx_word' id='word_1_103' title='bbox 837 966 860 983; x_wconf 78' lang='lat'>²³</span> <span class='ocrx_word' id='word_1_104' title='bbox 875 965 998 1016; x_wconf 88' lang='lat' dir='ltr'>spatio</span> <span class='ocrx_word' id='word_1_105' title='bbox 1031 965 1130 1003; x_wconf 78' lang='lat' dir='ltr'>alvei</span> <span class='ocrx_word' id='word_1_106' title='bbox 1162 965 1314 1016; x_wconf 86' lang='lat' dir='ltr'>segnior</span> <span class='ocrx_word' id='word_1_107' title='bbox 1344 977 1477 1003; x_wconf 87' lang='lat' dir='ltr'>cursus</span> 
     </span>
     <span class='ocr_line' id='line_1_14' title="bbox 126 1028 1476 1080; baseline -0.001 -14"><span class='ocrx_word' id='word_1_108' title='bbox 126 1034 194 1066; x_wconf 88' lang='lat' dir='ltr'>est.</span> <span class='ocrx_word' id='word_1_109' title='bbox 252 1028 450 1066; x_wconf 74' lang='lat' dir='ltr'>Praeterea</span> <span class='ocrx_word' id='word_1_110' title='bbox 481 1029 521 1066; x_wconf 92' lang='lat' dir='ltr'>in</span> <span class='ocrx_word' id='word_1_111' title='bbox 552 1029 639 1079; x_wconf 71' lang='lat' dir='ltr'>ripa</span> <span class='ocrx_word' id='word_1_112' title='bbox 669 1043 778 1068; x_wconf 90' lang='lat' dir='ltr'>omne</span> <span class='ocrx_word' id='word_1_113' title='bbox 810 1028 1021 1080; x_wconf 89' lang='lat' dir='ltr'>perieulum</span> <span class='ocrx_word' id='word_1_114' title='bbox 1051 1034 1121 1078; x_wconf 90' lang='lat' dir='ltr'>est,</span> <span class='ocrx_word' id='word_1_115' title='bbox 1149 1028 1215 1067; x_wconf 90' lang='lat' dir='ltr'>ubi</span> <span class='ocrx_word' id='word_1_116' title='bbox 1243 1028 1476 1079; x_wconf 85' lang='lat' dir='ltr'>applicantes</span> 
     </span>
     <span class='ocr_line' id='line_1_15' title="bbox 126 1091 1476 1144; baseline -0.001 -15"><span class='ocrx_word' id='word_1_117' title='bbox 126 1091 279 1142; x_wconf 80' lang='lat' dir='ltr'>navigia</span> <span class='ocrx_word' id='word_1_118' title='bbox 310 1091 432 1129; x_wconf 87' lang='lat' dir='ltr'>hostis</span> <span class='ocrx_word' id='word_1_119' title='bbox 463 1097 668 1140; x_wconf 78' lang='lat' dir='ltr'>exspectat.</span> <span class='ocrx_word' id='word_1_120' title='bbox 741 1093 846 1131; x_wconf 66' lang='lat' dir='ltr'>l*Ita</span> <span class='ocrx_word' id='word_1_121' title='bbox 881 1097 1223 1144; x_wconf 86' lang='lat' dir='ltr'>quantumcumque</span> <span class='ocrx_word' id='word_1_122' title='bbox 1255 1092 1391 1129; x_wconf 89' lang='lat' dir='ltr'>flumen</span> <span class='ocrx_word' id='word_1_123' title='bbox 1422 1093 1476 1129; x_wconf 87' lang='lat' dir='ltr'>in-</span> 
     </span>
     <span class='ocr_line' id='line_1_16' title="bbox 127 1153 1422 1202; baseline 0.002 -12"><span class='ocrx_word' id='word_1_124' title='bbox 127 1154 301 1202; x_wconf 76' lang='lat' dir='ltr'>tervenit,</span> <span class='ocrx_word' id='word_1_125' title='bbox 322 1153 423 1192; x_wconf 91' lang='lat' dir='ltr'>idem</span> <span class='ocrx_word' id='word_1_126' title='bbox 440 1155 613 1192; x_wconf 87' lang='lat' dir='ltr'>futurum</span> <span class='ocrx_word' id='word_1_127' title='bbox 631 1154 832 1193; x_wconf 87' lang='lat' dir='ltr'>discrimen</span> <span class='ocrx_word' id='word_1_128' title='bbox 850 1160 910 1193; x_wconf 90' lang='lat' dir='ltr'>est</span> <span class='ocrx_word' id='word_1_129' title='bbox 928 1154 1168 1193; x_wconf 84' lang='lat' dir='ltr'>evadentium</span> <span class='ocrx_word' id='word_1_130' title='bbox 1185 1154 1226 1191; x_wconf 91' lang='lat' dir='ltr'>in</span> <span class='ocrx_word' id='word_1_131' title='bbox 1247 1154 1422 1192; x_wconf 71' lang='lat' dir='ltr'>terram.’&#39;</span> 
     </span>
    </p>

    <p class='ocr_par' dir='ltr' id='par_1_3' title="bbox 126 1217 1476 1962">
     <span class='ocr_line' id='line_1_17' title="bbox 207 1217 1475 1269; baseline -0.002 -13"><span class='ocrx_word' id='word_1_132' title='bbox 207 1217 323 1256; x_wconf 88' lang='lat' dir='ltr'>“Sed</span> <span class='ocrx_word' id='word_1_133' title='bbox 349 1218 475 1256; x_wconf 87' lang='lat' dir='ltr'>omnia</span> <span class='ocrx_word' id='word_1_134' title='bbox 501 1218 578 1256; x_wconf 88' lang='lat' dir='ltr'>ista</span> <span class='ocrx_word' id='word_1_135' title='bbox 604 1231 694 1256; x_wconf 74' lang='lat' dir='ltr'>vera</span> <span class='ocrx_word' id='word_1_136' title='bbox 722 1231 802 1256; x_wconf 89' lang='lat' dir='ltr'>esse</span> <span class='ocrx_word' id='word_1_137' title='bbox 819 1219 1015 1269; x_wconf 75' lang='lat' dir='ltr'>fingamus,</span> <span class='ocrx_word' id='word_1_138' title='bbox 1072 1217 1261 1256; x_wconf 87' lang='lat' dir='ltr'>Utrumne</span> <span class='ocrx_word' id='word_1_139' title='bbox 1289 1230 1356 1255; x_wconf 80' lang='lat' dir='ltr'>vos</span> <span class='ocrx_word' id='word_1_140' title='bbox 1375 1231 1475 1268; x_wconf 83' lang='lat' dir='ltr'>mag·</span> 
     </span>
     <span class='ocr_line' id='line_1_18' title="bbox 126 1279 1474 1331; baseline 0.001 -14"><span class='ocrx_word' id='word_1_141' title='bbox 126 1279 261 1317; x_wconf 89' lang='lat' dir='ltr'>nitudo</span> <span class='ocrx_word' id='word_1_142' title='bbox 289 1280 513 1329; x_wconf 86' lang='lat' dir='ltr'>belluarum,</span> <span class='ocrx_word' id='word_1_143' title='bbox 543 1294 591 1318; x_wconf 90' lang='lat' dir='ltr'>an</span> <span class='ocrx_word' id='word_1_144' title='bbox 618 1281 825 1319; x_wconf 79' lang='lat' dir='ltr'>multitudo</span> <span class='ocrx_word' id='word_1_145' title='bbox 855 1281 1023 1319; x_wconf 90' lang='lat' dir='ltr'>hostium</span> <span class='ocrx_word' id='word_1_146' title='bbox 1051 1280 1199 1319; x_wconf 83' lang='lat' dir='ltr'>terret?</span> <span class='ocrx_word' id='word_1_147' title='bbox 1254 1279 1367 1326; x_wconf 83' lang='lat' dir='ltr'>Quod</span> <span class='ocrx_word' id='word_1_148' title='bbox 1393 1294 1474 1331; x_wconf 89' lang='lat' dir='ltr'>per-</span> 
     </span>
     <span class='ocr_line' id='line_1_19' title="bbox 127 1343 1475 1394; baseline 0.001 -15"><span class='ocrx_word' id='word_1_149' title='bbox 127 1343 225 1380; x_wconf 83' lang='lat' dir='ltr'>tinet</span> <span class='ocrx_word' id='word_1_150' title='bbox 257 1343 306 1380; x_wconf 85' lang='lat' dir='ltr'>ad</span> <span class='ocrx_word' id='word_1_151' title='bbox 343 1343 577 1394; x_wconf 84' lang='lat' dir='ltr'>elephantos,</span> <span class='ocrx_word' id='word_1_152' title='bbox 615 1356 781 1394; x_wconf 80' lang='lat' dir='ltr'>praesens</span> <span class='ocrx_word' id='word_1_153' title='bbox 811 1343 994 1382; x_wconf 85' lang='lat' dir='ltr'>habemus</span> <span class='ocrx_word' id='word_1_154' title='bbox 1031 1343 1269 1394; x_wconf 82' lang='lat' dir='ltr'>exemplum:</span> <span class='ocrx_word' id='word_1_155' title='bbox 1309 1343 1350 1381; x_wconf 90' lang='lat' dir='ltr'>in</span> <span class='ocrx_word' id='word_1_156' title='bbox 1388 1356 1475 1382; x_wconf 84' lang='lat' dir='ltr'>suos</span> 
     </span>
     <span class='ocr_line' id='line_1_20' title="bbox 127 1405 1475 1457; baseline 0.001 -15"><span class='ocrx_word' id='word_1_157' title='bbox 127 1405 402 1454; x_wconf 80' lang='lat' dir='ltr'>vehementius,</span> <span class='ocrx_word' id='word_1_158' title='bbox 431 1407 546 1457; x_wconf 74' lang='lat' dir='ltr'>quam</span> <span class='ocrx_word' id='word_1_159' title='bbox 578 1406 618 1444; x_wconf 92' lang='lat' dir='ltr'>in</span> <span class='ocrx_word' id='word_1_160' title='bbox 649 1419 718 1445; x_wconf 88' lang='lat' dir='ltr'>nos</span> <span class='ocrx_word' id='word_1_161' title='bbox 751 1406 1003 1445; x_wconf 85' lang='lat' dir='ltr'>incurrerunt.</span> <span class='ocrx_word' id='word_1_162' title='bbox 1062 1406 1157 1443; x_wconf 82' lang='lat' dir='ltr'>Tam</span> <span class='ocrx_word' id='word_1_163' title='bbox 1184 1411 1292 1444; x_wconf 77' lang='lat' dir='ltr'>vasta</span> <span class='ocrx_word' id='word_1_164' title='bbox 1320 1419 1475 1456; x_wconf 84' lang='lat' dir='ltr'>corpora</span> 
     </span>
     <span class='ocr_line' id='line_1_21' title="bbox 127 1466 1474 1520; baseline 0.001 -16"><span class='ocrx_word' id='word_1_165' title='bbox 127 1467 322 1505; x_wconf 82' lang='lat' dir='ltr'>securibus</span> <span class='ocrx_word' id='word_1_166' title='bbox 358 1467 593 1520; x_wconf 84' lang='lat' dir='ltr'>falcibusque</span> <span class='ocrx_word' id='word_1_167' title='bbox 628 1468 808 1506; x_wconf 84' lang='lat' dir='ltr'>mutilata</span> <span class='ocrx_word' id='word_1_168' title='bbox 840 1473 942 1506; x_wconf 90' lang='lat' dir='ltr'>sunt.</span> <span class='ocrx_word' id='word_1_169' title='bbox 1013 1466 1118 1514; x_wconf 86' lang='lat' dir='ltr'>Quid</span> <span class='ocrx_word' id='word_1_170' title='bbox 1148 1472 1276 1506; x_wconf 88' lang='lat' dir='ltr'>autem</span> <span class='ocrx_word' id='word_1_171' title='bbox 1304 1468 1474 1516; x_wconf 88' lang='lat' dir='ltr'>interest,</span> 
     </span>
     <span class='ocr_line' id='line_1_22' title="bbox 126 1531 1476 1582; baseline 0.001 -15"><span class='ocrx_word' id='word_1_172' title='bbox 126 1531 287 1569; x_wconf 86' lang='lat' dir='ltr'>totidem</span> <span class='ocrx_word' id='word_1_173' title='bbox 319 1531 409 1579; x_wconf 89' lang='lat' dir='ltr'>sint,</span> <span class='ocrx_word' id='word_1_174' title='bbox 429 1536 521 1582; x_wconf 90' lang='lat' dir='ltr'>quot</span> <span class='ocrx_word' id='word_1_175' title='bbox 551 1532 674 1570; x_wconf 91' lang='lat' dir='ltr'>Porus</span> <span class='ocrx_word' id='word_1_176' title='bbox 703 1531 851 1580; x_wconf 78' lang='lat' dir='ltr'>habuit,</span> <span class='ocrx_word' id='word_1_177' title='bbox 872 1544 920 1568; x_wconf 90' lang='lat' dir='ltr'>an</span> <span class='ocrx_word' id='word_1_178' title='bbox 947 1531 1022 1569; x_wconf 88' lang='lat' dir='ltr'>tria</span> <span class='ocrx_word' id='word_1_179' title='bbox 1041 1531 1176 1579; x_wconf 85' lang='lat' dir='ltr'>millia,</span> <span class='ocrx_word' id='word_1_180' title='bbox 1197 1532 1296 1580; x_wconf 79' lang='lat' dir='ltr'>cum,</span> <span class='ocrx_word' id='word_1_181' title='bbox 1314 1544 1389 1569; x_wconf 87' lang='lat' dir='ltr'>uno</span> <span class='ocrx_word' id='word_1_182' title='bbox 1409 1538 1476 1569; x_wconf 83' lang='lat' dir='ltr'>aut</span> 
     </span>
     <span class='ocr_line' id='line_1_23' title="bbox 126 1594 1475 1646; baseline 0.001 -15"><span class='ocrx_word' id='word_1_183' title='bbox 126 1595 246 1632; x_wconf 84' lang='lat' dir='ltr'>altero</span> <span class='ocrx_word' id='word_1_184' title='bbox 285 1594 544 1644; x_wconf 60' lang='lat' dir='ltr'>”mlum-atis,</span> <span class='ocrx_word' id='word_1_185' title='bbox 584 1599 743 1634; x_wconf 81' lang='lat' dir='ltr'>eaeteros</span> <span class='ocrx_word' id='word_1_186' title='bbox 780 1595 821 1632; x_wconf 91' lang='lat' dir='ltr'>in</span> <span class='ocrx_word' id='word_1_187' title='bbox 855 1595 985 1646; x_wconf 82' lang='lat' dir='ltr'>fugam</span> <span class='ocrx_word' id='word_1_188' title='bbox 1022 1594 1212 1632; x_wconf 84' lang='lat' dir='ltr'>declinare</span> <span class='ocrx_word' id='word_1_189' title='bbox 1248 1594 1475 1633; x_wconf 84' lang='lat' dir='ltr'>videamus?</span> 
     </span>
     <span class='ocr_line' id='line_1_24' title="bbox 127 1655 1474 1709; baseline 0.002 -15"><span class='ocrx_word' id='word_1_190' title='bbox 127 1655 272 1695; x_wconf 74' lang='lat' dir='ltr'>Deinde</span> <span class='ocrx_word' id='word_1_191' title='bbox 310 1670 449 1708; x_wconf 87' lang='lat' dir='ltr'>paucos</span> <span class='ocrx_word' id='word_1_192' title='bbox 481 1659 629 1709; x_wconf 72' lang='lat' dir='ltr'>quoque</span> <span class='ocrx_word' id='word_1_193' title='bbox 663 1658 900 1697; x_wconf 73' lang='lat' dir='ltr'>incommode</span> <span class='ocrx_word' id='word_1_194' title='bbox 933 1663 1093 1709; x_wconf 84' lang='lat' dir='ltr'>regunt:</span> <span class='ocrx_word' id='word_1_195' title='bbox 1121 1663 1349 1709; x_wconf 81' lang='lat' dir='ltr'>congregata</span> <span class='ocrx_word' id='word_1_196' title='bbox 1384 1660 1474 1697; x_wconf 77' lang='lat' dir='ltr'>vero</span> 
     </span>
     <span class='ocr_line' id='line_1_25' title="bbox 126 1720 1474 1772; baseline 0.001 -15"><span class='ocrx_word' id='word_1_197' title='bbox 126 1725 184 1758; x_wconf 85' lang='lat' dir='ltr'>tot</span> <span class='ocrx_word' id='word_1_198' title='bbox 221 1720 344 1758; x_wconf 88' lang='lat' dir='ltr'>millia</span> <span class='ocrx_word' id='word_1_199' title='bbox 379 1721 463 1771; x_wconf 85' lang='lat' dir='ltr'>ipsa</span> <span class='ocrx_word' id='word_1_200' title='bbox 499 1734 539 1759; x_wconf 89' lang='lat' dir='ltr'>sc</span> <span class='ocrx_word' id='word_1_201' title='bbox 571 1721 729 1770; x_wconf 77' lang='lat' dir='ltr'>elidunt,</span> <span class='ocrx_word' id='word_1_202' title='bbox 757 1721 824 1760; x_wconf 92' lang='lat' dir='ltr'>ubi</span> <span class='ocrx_word' id='word_1_203' title='bbox 850 1734 919 1759; x_wconf 88' lang='lat' dir='ltr'>nec</span> <span class='ocrx_word' id='word_1_204' title='bbox 951 1727 1063 1770; x_wconf 85' lang='lat' dir='ltr'>stare,</span> <span class='ocrx_word' id='word_1_205' title='bbox 1090 1734 1160 1759; x_wconf 89' lang='lat' dir='ltr'>nec</span> <span class='ocrx_word' id='word_1_206' title='bbox 1186 1721 1318 1772; x_wconf 87' lang='lat' dir='ltr'>fugere</span> <span class='ocrx_word' id='word_1_207' title='bbox 1344 1726 1474 1772; x_wconf 89' lang='lat' dir='ltr'>potue-</span> 
     </span>
     <span class='ocr_line' id='line_1_26' title="bbox 127 1783 1472 1835; baseline 0.001 -15"><span class='ocrx_word' id='word_1_208' title='bbox 127 1784 204 1821; x_wconf 85' lang='lat' dir='ltr'>rint</span> <span class='ocrx_word' id='word_1_209' title='bbox 235 1783 423 1822; x_wconf 84' lang='lat' dir='ltr'>inhabiles</span> <span class='ocrx_word' id='word_1_210' title='bbox 450 1789 647 1823; x_wconf 82' lang='lat' dir='ltr'>vastorum</span> <span class='ocrx_word' id='word_1_211' title='bbox 676 1798 874 1835; x_wconf 89' lang='lat' dir='ltr'>corporum</span> <span class='ocrx_word' id='word_1_212' title='bbox 906 1785 1033 1823; x_wconf 89' lang='lat' dir='ltr'>moles.</span> <span class='ocrx_word' id='word_1_213' title='bbox 1090 1785 1280 1835; x_wconf 89' lang='lat' dir='ltr'>Equidem</span> <span class='ocrx_word' id='word_1_214' title='bbox 1313 1785 1367 1822; x_wconf 87' lang='lat' dir='ltr'>sic</span> <span class='ocrx_word' id='word_1_215' title='bbox 1396 1785 1472 1822; x_wconf 85' lang='lat' dir='ltr'>ani-</span> 
     </span>
     <span class='ocr_line' id='line_1_27' title="bbox 127 1847 1472 1898; baseline 0.001 -15"><span class='ocrx_word' id='word_1_216' title='bbox 127 1847 241 1885; x_wconf 84' lang='lat' dir='ltr'>malia</span> <span class='ocrx_word' id='word_1_217' title='bbox 273 1847 350 1884; x_wconf 85' lang='lat' dir='ltr'>ista</span> <span class='ocrx_word' id='word_1_218' title='bbox 381 1848 601 1898; x_wconf 84' lang='lat' dir='ltr'>contempsi,</span> <span class='ocrx_word' id='word_1_219' title='bbox 621 1853 666 1885; x_wconf 93' lang='lat' dir='ltr'>ut</span> <span class='ocrx_word' id='word_1_220' title='bbox 693 1851 777 1885; x_wconf 73' lang='lat' dir='ltr'>cnm</span> <span class='ocrx_word' id='word_1_221' title='bbox 805 1847 994 1896; x_wconf 86' lang='lat' dir='ltr'>haberem,</span> <span class='ocrx_word' id='word_1_222' title='bbox 1014 1849 1096 1898; x_wconf 90' lang='lat' dir='ltr'>ipse</span> <span class='ocrx_word' id='word_1_223' title='bbox 1121 1860 1195 1885; x_wconf 88' lang='lat' dir='ltr'>non</span> <span class='ocrx_word' id='word_1_224' title='bbox 1224 1848 1472 1897; x_wconf 64' lang='lat' dir='ltr'>oppomerim,</span> 
     </span>
     <span class='ocr_line' id='line_1_28' title="bbox 127 1910 1284 1962; baseline 0.001 -15"><span class='ocrx_word' id='word_1_225' title='bbox 127 1911 219 1947; x_wconf 85' lang='lat' dir='ltr'>satis</span> <span class='ocrx_word' id='word_1_226' title='bbox 237 1924 378 1961; x_wconf 81' lang='lat' dir='ltr'>gnarus</span> <span class='ocrx_word' id='word_1_227' title='bbox 396 1910 482 1961; x_wconf 89' lang='lat' dir='ltr'>plus</span> <span class='ocrx_word' id='word_1_228' title='bbox 501 1911 582 1948; x_wconf 86' lang='lat' dir='ltr'>suis</span> <span class='ocrx_word' id='word_1_229' title='bbox 599 1912 716 1962; x_wconf 73' lang='lat' dir='ltr'>quam</span> <span class='ocrx_word' id='word_1_230' title='bbox 734 1910 911 1949; x_wconf 86' lang='lat' dir='ltr'>hostibus</span> <span class='ocrx_word' id='word_1_231' title='bbox 929 1910 1088 1961; x_wconf 84' lang='lat' dir='ltr'>periculi</span> <span class='ocrx_word' id='word_1_232' title='bbox 1108 1910 1284 1949; x_wconf 86' lang='lat' dir='ltr'>inferre.&#39;’</span> 
     </span>
    </p>

    <p class='ocr_par' dir='ltr' id='par_1_4' title="bbox 123 1973 1472 2530">
     <span class='ocr_line' id='line_1_29' title="bbox 208 1973 1471 2024; baseline 0.001 -13"><span class='ocrx_word' id='word_1_233' title='bbox 208 1975 229 1990; x_wconf 61' lang='lat'>¹⁹²</span> <span class='ocrx_word' id='word_1_234' title='bbox 247 1978 267 1994; x_wconf 83' lang='lat'>“</span> <span class='ocrx_word' id='word_1_235' title='bbox 286 1974 342 2011; x_wconf 81' lang='lat' dir='ltr'>At</span> <span class='ocrx_word' id='word_1_236' title='bbox 361 1974 460 2011; x_wconf 90' lang='lat' dir='ltr'>enim</span> <span class='ocrx_word' id='word_1_237' title='bbox 493 1974 666 2024; x_wconf 83' lang='lat' dir='ltr'>equitum</span> <span class='ocrx_word' id='word_1_238' title='bbox 697 1973 944 2024; x_wconf 80' lang='lat' dir='ltr'>peditumque</span> <span class='ocrx_word' id='word_1_239' title='bbox 976 1973 1185 2011; x_wconf 85' lang='lat' dir='ltr'>multitudo</span> <span class='ocrx_word' id='word_1_240' title='bbox 1213 1986 1280 2011; x_wconf 75' lang='lat' dir='ltr'>vos</span> <span class='ocrx_word' id='word_1_241' title='bbox 1313 1986 1471 2012; x_wconf 86' lang='lat' dir='ltr'>commo-</span> 
     </span>
     <span class='ocr_line' id='line_1_30' title="bbox 128 2036 1472 2088; baseline 0.001 -15"><span class='ocrx_word' id='word_1_242' title='bbox 128 2037 210 2073; x_wconf 72' lang='lat' dir='ltr'>vet!</span> <span class='ocrx_word' id='word_1_243' title='bbox 271 2037 292 2053; x_wconf 83' lang='lat'>¹⁷</span> <span class='ocrx_word' id='word_1_244' title='bbox 310 2036 407 2075; x_wconf 89' lang='lat' dir='ltr'>Cum</span> <span class='ocrx_word' id='word_1_245' title='bbox 427 2036 556 2087; x_wconf 86' lang='lat' dir='ltr'>paucis</span> <span class='ocrx_word' id='word_1_246' title='bbox 571 2037 670 2074; x_wconf 90' lang='lat' dir='ltr'>enim</span> <span class='ocrx_word' id='word_1_247' title='bbox 699 2049 866 2088; x_wconf 81' lang='lat' dir='ltr'>pugnare</span> <span class='ocrx_word' id='word_1_248' title='bbox 886 2036 989 2074; x_wconf 81' lang='lat' dir='ltr'>soliti</span> <span class='ocrx_word' id='word_1_249' title='bbox 1008 2036 1112 2084; x_wconf 84' lang='lat' dir='ltr'>estis,</span> <span class='ocrx_word' id='word_1_250' title='bbox 1132 2041 1170 2074; x_wconf 83' lang='lat' dir='ltr'>et</span> <span class='ocrx_word' id='word_1_251' title='bbox 1188 2049 1285 2074; x_wconf 82' lang='lat' dir='ltr'>nune</span> <span class='ocrx_word' id='word_1_252' title='bbox 1304 2037 1472 2086; x_wconf 75' lang='lat' dir='ltr'>primum</span> 
     </span>
     <span class='ocr_line' id='line_1_31' title="bbox 128 2099 1471 2138; baseline 0.002 -3"><span class='ocrx_word' id='word_1_253' title='bbox 128 2099 358 2136; x_wconf 75' lang='lat' dir='ltr'>inconditam</span> <span class='ocrx_word' id='word_1_254' title='bbox 389 2100 631 2138; x_wconf 78' lang='lat' dir='ltr'>sustinebitis</span> <span class='ocrx_word' id='word_1_255' title='bbox 663 2099 824 2137; x_wconf 81' lang='lat' dir='ltr'>turbam.</span> <span class='ocrx_word' id='word_1_256' title='bbox 884 2099 1010 2137; x_wconf 85' lang='lat' dir='ltr'>Testis</span> <span class='ocrx_word' id='word_1_257' title='bbox 1039 2099 1224 2138; x_wconf 78' lang='lat' dir='ltr'>adversus</span> <span class='ocrx_word' id='word_1_258' title='bbox 1253 2100 1471 2138; x_wconf 84' lang='lat' dir='ltr'>multitudi-</span> 
     </span>
     <span class='ocr_line' id='line_1_32' title="bbox 126 2162 1471 2211; baseline 0.002 -14"><span class='ocrx_word' id='word_1_259' title='bbox 126 2174 209 2198; x_wconf 85' lang='lat' dir='ltr'>nem</span> <span class='ocrx_word' id='word_1_260' title='bbox 244 2162 374 2199; x_wconf 78' lang='lat' dir='ltr'>invicti</span> <span class='ocrx_word' id='word_1_261' title='bbox 407 2162 659 2200; x_wconf 83' lang='lat' dir='ltr'>Macedonum</span> <span class='ocrx_word' id='word_1_262' title='bbox 689 2162 833 2200; x_wconf 84' lang='lat' dir='ltr'>roboris</span> <span class='ocrx_word' id='word_1_263' title='bbox 864 2162 1051 2201; x_wconf 83' lang='lat' dir='ltr'>Granicus</span> <span class='ocrx_word' id='word_1_264' title='bbox 1082 2162 1226 2211; x_wconf 87' lang='lat' dir='ltr'>amnis;</span> <span class='ocrx_word' id='word_1_265' title='bbox 1268 2168 1306 2200; x_wconf 86' lang='lat' dir='ltr'>et</span> <span class='ocrx_word' id='word_1_266' title='bbox 1335 2162 1471 2203; x_wconf 77' lang='lat' dir='ltr'>Cilicia</span> 
     </span>
     <span class='ocr_line' id='line_1_33' title="bbox 128 2224 1470 2276; baseline 0.002 -15"><span class='ocrx_word' id='word_1_267' title='bbox 128 2224 311 2261; x_wconf 83' lang='lat' dir='ltr'>inundata</span> <span class='ocrx_word' id='word_1_268' title='bbox 343 2238 476 2263; x_wconf 83' lang='lat' dir='ltr'>eruore</span> <span class='ocrx_word' id='word_1_269' title='bbox 515 2226 744 2274; x_wconf 57' lang='lat' dir='ltr'>Persarum</span> <span class='ocrx_word' id='word_1_270' title='bbox 788 2231 826 2263; x_wconf 84' lang='lat' dir='ltr'>ct</span> <span class='ocrx_word' id='word_1_271' title='bbox 860 2225 1016 2273; x_wconf 75' lang='lat' dir='ltr'>Arbela,</span> <span class='ocrx_word' id='word_1_272' title='bbox 1046 2227 1153 2275; x_wconf 85' lang='lat' dir='ltr'>eujus</span> <span class='ocrx_word' id='word_1_273' title='bbox 1190 2226 1313 2276; x_wconf 87' lang='lat' dir='ltr'>campi</span> <span class='ocrx_word' id='word_1_274' title='bbox 1349 2226 1470 2264; x_wconf 84' lang='lat' dir='ltr'>devic-</span> 
     </span>
     <span class='ocr_line' id='line_1_34' title="bbox 126 2288 1469 2340; baseline 0.001 -16"><span class='ocrx_word' id='word_1_275' title='bbox 126 2292 248 2324; x_wconf 88' lang='lat' dir='ltr'>torum</span> <span class='ocrx_word' id='word_1_276' title='bbox 285 2301 307 2324; x_wconf 86' lang='lat' dir='ltr'>a</span> <span class='ocrx_word' id='word_1_277' title='bbox 343 2288 450 2325; x_wconf 84' lang='lat' dir='ltr'>nobis</span> <span class='ocrx_word' id='word_1_278' title='bbox 487 2288 634 2325; x_wconf 73' lang='lat' dir='ltr'>ossibus</span> <span class='ocrx_word' id='word_1_279' title='bbox 673 2288 784 2325; x_wconf 79' lang='lat' dir='ltr'>strati</span> <span class='ocrx_word' id='word_1_280' title='bbox 825 2294 920 2326; x_wconf 79' lang='lat' dir='ltr'>sunt.</span> <span class='ocrx_word' id='word_1_281' title='bbox 995 2288 1274 2328; x_wconf 62' lang='lat' dir='ltr'>Serbhostium</span> <span class='ocrx_word' id='word_1_282' title='bbox 1302 2288 1469 2340; x_wconf 85' lang='lat' dir='ltr'>legiones</span> 
     </span>
     <span class='ocr_line' id='line_1_35' title="bbox 124 2350 1468 2401; baseline 0.002 -14"><span class='ocrx_word' id='word_1_283' title='bbox 124 2363 318 2388; x_wconf 85' lang='lat' dir='ltr'>numerare</span> <span class='ocrx_word' id='word_1_284' title='bbox 351 2350 529 2400; x_wconf 76' lang='lat' dir='ltr'>coepistis,</span> <span class='ocrx_word' id='word_1_285' title='bbox 560 2354 760 2401; x_wconf 68' lang='lat' dir='ltr'>postquam</span> <span class='ocrx_word' id='word_1_286' title='bbox 793 2353 813 2369; x_wconf 65' lang='lat'>¹*</span> <span class='ocrx_word' id='word_1_287' title='bbox 829 2351 1071 2390; x_wconf 79' lang='lat' dir='ltr'>solitudinem</span> <span class='ocrx_word' id='word_1_288' title='bbox 1101 2352 1139 2389; x_wconf 90' lang='lat' dir='ltr'>in</span> <span class='ocrx_word' id='word_1_289' title='bbox 1168 2352 1266 2390; x_wconf 64' lang='lat' dir='ltr'>Asia</span> <span class='ocrx_word' id='word_1_290' title='bbox 1286 2352 1468 2390; x_wconf 78' lang='lat' dir='ltr'>vincendo</span> 
     </span>
     <span class='ocr_line' id='line_1_36' title="bbox 125 2413 1466 2466; baseline 0.002 -16"><span class='ocrx_word' id='word_1_291' title='bbox 125 2413 279 2451; x_wconf 59' lang='lat' dir='ltr'>fecistis</span> <span class='ocrx_word' id='word_1_292' title='bbox 338 2413 437 2452; x_wconf 73' lang='lat' dir='ltr'>Cum</span> <span class='ocrx_word' id='word_1_293' title='bbox 471 2428 535 2463; x_wconf 83' lang='lat' dir='ltr'>per</span> <span class='ocrx_word' id='word_1_294' title='bbox 567 2414 859 2464; x_wconf 79' lang='lat' dir='ltr'>Hellespontum</span> <span class='ocrx_word' id='word_1_295' title='bbox 890 2415 1166 2466; x_wconf 78' lang='lat' dir='ltr'>navigaremus,</span> <span class='ocrx_word' id='word_1_296' title='bbox 1199 2415 1246 2453; x_wconf 82' lang='lat' dir='ltr'>de</span> <span class='ocrx_word' id='word_1_297' title='bbox 1279 2415 1466 2466; x_wconf 76' lang='lat' dir='ltr'>paucitate</span> 
     </span>
     <span class='ocr_line' id='line_1_37' title="bbox 123 2477 1461 2530; baseline 0.002 -17"><span class='ocrx_word' id='word_1_298' title='bbox 123 2479 253 2514; x_wconf 65' lang='lat' dir='ltr'>nostrii</span> <span class='ocrx_word' id='word_1_299' title='bbox 281 2477 522 2528; x_wconf 81' lang='lat' dir='ltr'>cogitandum</span> <span class='ocrx_word' id='word_1_300' title='bbox 552 2478 634 2516; x_wconf 81' lang='lat' dir='ltr'>suit.</span> <span class='ocrx_word' id='word_1_301' title='bbox 694 2478 804 2515; x_wconf 83' lang='lat' dir='ltr'>Nune</span> <span class='ocrx_word' id='word_1_302' title='bbox 833 2492 899 2516; x_wconf 74' lang='lat' dir='ltr'>nos</span> <span class='ocrx_word' id='word_1_303' title='bbox 934 2479 1088 2529; x_wconf 68' lang='lat' dir='ltr'>Scythae</span> <span class='ocrx_word' id='word_1_304' title='bbox 1120 2484 1344 2530; x_wconf 78' lang='lat' dir='ltr'>sequuntur,</span> <span class='ocrx_word' id='word_1_305' title='bbox 1374 2478 1461 2516; x_wconf 83' lang='lat' dir='ltr'>Bac-</span> 
     </span>
    </p>
   </div>
  </div>
 </body>
</html>
