1583 2680
472 163 633 188 mann
671 163 768 188 VI1.
813 162 922 188 cnr.
966 163 1035 188 ιν.
1352 153 1421 190 153

82 255 223 303 dentia,
257 254 482 293 traderetur.
544 255 602 294 Ut
634 255 833 294 audientes
863 254 1113 306 suspenderat
1137 255 1422 304 exspectatione

81 318 153 368 sui,
170 322 254 356 tum
273 319 473 356 consilium
492 319 627 369 aperit,
659 318 797 356 utilius
827 318 950 356 Besso
982 319 1098 369 quam
1125 318 1280 369 gratius.
1338 320 1357 338 “
1374 318 1421 356 In

81 381 306 428 vestibulo,”
340 381 476 433 inquit,
510 381 664 432 “regiae
694 386 772 420 tuae
801 381 1090 419 ‘velocissimus
1118 381 1293 418 constitit
1321 381 1419 418 Rex.

81 444 186 482 Ante
206 443 218 461 ⁸
232 444 298 482 ille
318 441 464 496 agmen,
486 445 601 495 quam
621 450 664 482 tu
683 457 853 482 mensam
873 444 986 482 istam
1003 443 1184 482 movebis.
1243 443 1356 481 Nune
1375 444 1422 481 ab

80 507 204 545 Tanai
224 508 438 545 exercitum
457 520 639 555 accerses,
661 512 700 545 et
721 507 837 545 armis
864 507 1021 545 flumina
1040 519 1232 557 oppones:
1263 507 1421 553 scilicet,

79 571 156 622 qua
189 575 232 608 tu
263 571 461 622 fugiturus
494 583 546 618 cs,
578 570 702 608 hostis
734 570 842 621 sequi
872 583 948 608 non
980 570 1138 620 potest?
1168 570 1243 607 iter
1269 569 1423 620 utrique

79 647 276 672 commune
307 639 389 682 est;
419 634 556 672 victori
586 634 721 671 tutius.
780 633 894 671 Licet
920 638 1119 671 strenuum
1147 638 1292 671 metum
1311 639 1424 683 putes

79 710 186 746 essc;
216 697 385 735 velocior
404 703 531 735 tamen
551 710 636 747 spes
656 702 724 734 cst.
781 698 794 714 ⁷
809 695 913 742 Quin
939 696 1139 735 validioris
1166 708 1326 746 occupas
1345 709 1422 746 gra-

80 761 185 808 tiam,
218 760 403 811 dedisque
433 765 495 810 te3
526 766 733 811 utcumque
770 759 940 807 cesserit,
979 759 1178 798 meliorem
1215 760 1423 805 fortunam,

80 824 248 872 deditus,
281 826 397 875 quam
430 823 566 871 hostis,
596 822 831 877 habiturus?
885 823 1068 860 Alienum
1101 823 1219 861 habes
1251 835 1424 873 regnum,

81 888 182 938 ‘quo
211 887 366 925 facilius
400 900 444 925 eo
482 899 620 924 careas.
679 886 847 936 Incipies
879 886 1041 924 forsitan
1066 887 1196 936 justus
1229 898 1312 923 esse
1344 897 1424 932 rex,

80 952 170 988 el'lm
190 951 271 1000 ipse
289 951 302 968 ⁹
317 950 464 998 fecerit,
484 950 552 1000 qui
570 949 643 987 tibi
663 954 703 986 et
721 949 815 986 dare
842 954 972 999 potest
999 961 1172 998 regnum,
1192 953 1233 986 et
1263 948 1423 998 eripere.

82 1012 297 1051 Consilium
314 1012 435 1050 habes
454 1011 577 1059 fidele,
599 1013 624 1029 ¹⁰
638 1011 742 1062 quod
759 1011 908 1048 diutius
928 1011 1087 1062 exsequi
1107 1023 1427 1061 supervacaneum

80 1081 148 1114 est.
206 1075 362 1113 Nobilis
382 1087 502 1125 equus
523 1073 661 1112 umbra
678 1086 830 1124 quoque
849 1073 969 1124 virgae
987 1073 1160 1123 regitur;
1190 1073 1353 1124 ignavus
1379 1085 1427 1109 ne

80 1138 219 1177 calcari
237 1137 394 1189 quidem
413 1137 597 1175 concitari
615 1137 783 1187 potest.'’
839 1135 997 1183 Bessus,
1018 1141 1058 1173 et
1075 1135 1228 1186 ingenio
1249 1142 1288 1173 et
1306 1135 1428 1173 multo

81 1215 184 1240 mero
203 1202 324 1250 ferox,
346 1201 442 1239 adeo
461 1200 619 1249 exarsit,
639 1205 685 1238 ut
702 1200 771 1238 vix
790 1199 838 1237 ab
858 1198 1003 1247 amicis,
1019 1198 1222 1250 quominus
1238 1198 1430 1236 occideret

59 1279 169 1314 ³eum
189 1265 291 1314 (nam
319 1264 529 1302 strinxerat
555 1276 706 1315 quoque
734 1263 957 1312 acinacem),
986 1261 1258 1300 contineretur.
1315 1261 1428 1300 Certe

82 1329 257 1367 convivio
292 1327 485 1378 prosiluit,
522 1327 816 1378 haudquaquam
860 1330 997 1376 potens
1033 1325 1187 1363 mentis.
1264 1324 1430 1363 Gobares

83 1393 184 1430 inter
203 1391 412 1429 tumultum
431 1390 597 1441 elapsus,
618 1389 666 1427 ad
686 1388 956 1427 Alexandrum
976 1388 1199 1439 transfugit.

170 1457 226 1492 15.
260 1454 361 1494 Octo
392 1453 517 1491 millia
553 1452 850 1491 Bactrianorum
881 1451 1049 1489 habebat
1087 1456 1234 1489 armata
1271 1450 1430 1498 Bessus,

84 1531 182 1570 quae,
201 1517 388 1568 quamdiu
405 1521 562 1566 propter
582 1515 670 1553 coeli
689 1515 957 1565 intemperiem
976 1514 1132 1552 Indiam
1151 1514 1285 1565 potius
1306 1514 1430 1552 Mace-

87 1581 206 1619 donas
246 1580 435 1630 petituros
474 1578 732 1626 crediderant,
767 1577 992 1631 obedienter
1024 1577 1214 1626 imperata
1249 1577 1432 1615 fecerunt.

88 1645 302 1695 Postquam
344 1643 547 1680 adventare
585 1640 854 1679 Alexandrum
891 1644 1128 1689 compertum
1161 1644 1231 1687 cst,
1270 1640 1310 1677 in
1343 1653 1432 1678 suos

86 1707 249 1759 quisquc
268 1706 372 1744 vicos
392 1705 543 1756 dilapsi,
565 1704 731 1742 Bessum
753 1703 1003 1754 reliquerunt.
1034 1702 1110 1740 Ille
1130 1715 1215 1740 cum
1234 1702 1432 1740 clientium

87 1784 213 1819 manu,
231 1769 299 1821 qui
317 1782 393 1807 non
409 1772 654 1806 mutaverant
672 1767 798 1815 fidem,
822 1766 910 1805 Oxo
931 1778 1039 1803 amne
1060 1770 1252 1816 superato,
1272 1766 1432 1803 exustis-

88 1847 161 1887 que
190 1833 367 1883 navigiis,
399 1831 541 1883 quibus
571 1830 792 1878 transierat,
827 1843 875 1867 ne
912 1829 1049 1866 iisdem
1086 1828 1209 1866 host1s
1246 1834 1434 1878 uteretur,

89 1910 205 1936 novas
224 1896 352 1947 copias
371 1895 411 1933 in
431 1894 635 1946 Sogdianis
655 1893 917 1932 contrahebat.
975 1891 1200 1930 Alexander
1222 1890 1434 1930 Caucasum

89 1961 243 2013 quidem
264 1959 325 2008 (ut
343 1971 461 2009 supra
480 1958 626 1996 dictum
645 1959 719 2007 est)
740 1957 946 1994 transierat
963 1967 970 1992 :
1000 1955 1067 1993 sed
1097 1955 1226 2005 inopia
1253 1956 1436 1993 frumenti

91 2023 210 2075 prope
238 2023 287 2060 ad
319 2023 461 2060 famem
490 2026 649 2060 ventum
682 2026 775 2058 erat.
834 2019 956 2058 succo
987 2032 1035 2056 ex
1065 2020 1214 2056 sesama
1245 2031 1436 2069 expresso,

92 2085 195 2124 haud
214 2086 326 2123 secus
353 2086 470 2136 quam
497 2084 595 2132 oleo,
616 2088 724 2122 artus
751 2082 1027 2134 perungebant.
1087 2080 1165 2120 Sed
1192 2081 1307 2131 hujus
1336 2082 1437 2119 succi

94 2149 253 2187 ducenis
268 2148 522 2200 quadragenis
541 2147 710 2186 denariis
730 2142 924 2197 amp‘horae
951 2143 1139 2196 singulae;
1170 2144 1297 2182 mellis
1326 2144 1437 2182 dena·

94 2213 165 2251 riis
200 2211 365 2249 trecenis
393 2211 612 2262 nonagenis,
644 2210 810 2248 trecenis
840 2209 923 2247 vini
956 2207 1272 2257 aestimabantur3
1317 2207 1438 2245 tritici

95 2275 204 2322 nihil,
239 2279 308 2312 aut
339 2273 547 2312 admodum
579 2274 760 2328 exiguum
790 2272 1066 2323 reperiebatur.
1126 2270 1237 2309 Siros
1255 2270 1438 2308 vocabant

99 2338 277 2387 Barbari⁷
305 2350 400 2388 quos
419 2336 477 2374 ita
497 2336 658 2374 solerter
686 2335 937 2382 abscondunt,
957 2339 1004 2372 ut
1022 2333 1097 2371 nisi
1114 2333 1181 2384 qui
1201 2332 1438 2379 defoderunt,

99 2402 269 2441 invenire
303 2414 375 2438 non
407 2399 565 2450 possint.
622 2399 670 2437 In
700 2399 749 2436 iis
770 2398 934 2436 conditae
963 2397 1091 2448 fruges
1111 2401 1228 2434 erant.
1287 2395 1334 2431 In
1353 2407 1441 2444 qua-

101 2478 186 2504 rum
216 2464 376 2515 penuria
408 2463 552 2500 milites
579 2461 758 2499 fluviatili
786 2461 889 2511 pisce
920 2466 957 2498 et
986 2459 1115 2497 herbis
1145 2457 1438 2495 sustinebantur.
