1583 2680
105 130 155 167 34
549 136 748 167 Qunwrr
794 137 987 162 cunmn

112 234 202 282 jura
221 229 453 278 servaveris3
485 233 611 266 tamen
632 229 665 267 si
685 229 836 267 veneris
865 229 1038 280 supplex,
1058 235 1096 267 et
1114 234 1283 281 matrem,
1303 236 1342 269 et
1361 245 1432 270 con

113 297 258 345 jugem,
279 298 316 331 et
343 293 493 341 liberos,
513 292 594 330 sine
626 292 753 343 pretio
783 297 1028 342 recepturum
1060 297 1099 330 te
1132 306 1214 331 esse
1247 295 1441 344 promitto.

106 358 162 395 Et
181 358 342 404 vincere,
364 361 403 393 et
423 356 447 373 ²⁶
461 355 658 393 consulere
677 355 793 393 victis
821 356 910 393 scio.
969 353 1082 401 Qubd
1102 356 1135 394 si
1155 361 1192 394 te
1211 357 1321 396 nobis
1349 371 1444 395 com-

101 421 255 458 mittere
276 420 399 466 times,
421 417 597 456 dabimus
617 417 730 455 fidem
762 417 918 468 impune
938 423 1154 456 venturum.
1213 419 1272 458 De
1294 426 1444 468 caetero,

102 485 189 520 cum
219 483 312 520 mihi
343 481 496 529 scribes,
518 482 541 498 ¹⁷
553 485 742 519 memento
769 494 848 518 non
875 480 999 519 solam
1030 481 1132 533 Regi
1160 487 1210 530 te,
1232 483 1299 520 sed
1330 483 1449 520 etiam*

101 552 179 590 tuo,
218 546 418 583 scribere.’'
475 544 542 582 Ad
579 544 678 581 hano
714 544 982 595 perferendam
1020 545 1255 596 Thersippus
1292 547 1442 583 missus.

102 610 123 627 ’Β
137 610 226 659 Ipse
247 609 286 646 in
306 608 528 646 Phoenicem
549 607 688 645 deinde
711 607 922 656 descendit,
940 613 978 645 et
997 608 1177 659 oppidum
1198 609 1352 659 Byblon
1372 615 1444 646 tra-

100 672 225 709 ditum
244 671 400 721 recepit.

179 738 212 772 3.
242 735 340 772 Inde
357 734 405 771 ad
426 735 449 752 ¹⁹
465 733 609 773 Sidona
623 738 780 772 ventum
800 738 870 782 est,
890 734 1025 773 urbem
1043 739 1249 783 vetustate,
1265 735 1443 787 famaque

99 798 339 835 conditorum
366 797 560 847 inclytam.
617 796 822 848 Regnabat
841 797 881 834 in
901 810 945 834 ea
965 797 1107 845 Strato,
1133 798 1159 815 ²⁰
1172 797 1281 835 Darii
1308 799 1444 848 opibus

99 862 274 911 adjutus3
305 860 371 898 sed
398 860 488 911 quia
516 859 749 897 deditionem
778 859 900 910 magis
929 860 1182 910 popularium,
1220 861 1337 912 quam
1368 864 1438 898 sua¹

100 929 247 975 sponte,
267 924 421 971 fecerat,
442 935 557 974 regno
576 922 683 961 visus
711 923 901 973 indignus,
924 923 1268 974 Hephaestionique
1288 925 1442 974 permis-

98 1001 193 1035 sum,
210 993 252 1024 ut
269 1000 382 1038 quem
402 986 426 1003 ²¹
440 999 483 1024 eo
499 986 653 1036 fastigio
669 999 689 1023 e
706 986 875 1024 Sidoniis
895 986 1160 1037 dignissimum
1176 987 1441 1035 arbitraretur,

97 1050 349 1087 constitueret
387 1049 545 1098 Regem.
618 1048 744 1085 Erant
786 1048 1054 1098 Hephaestioni
1091 1049 1310 1099 ²2hospites,
1349 1050 1442 1087 clari

97 1114 196 1151 inter
216 1126 305 1151 suos
334 1114 508 1161 juvenes,
529 1110 595 1161 qui
614 1110 716 1147 faeta
736 1111 830 1160 ipsis
860 1115 1049 1160 potestate
1077 1111 1274 1162 regnandi,
1294 1112 1319 1129 ‘³³
1332 1126 1440 1163 nega-

96 1181 233 1215 verunt
251 1187 478 1226 quemquam
497 1173 623 1224 patrio
644 1186 748 1211 more
764 1173 858 1211 inid
877 1174 1073 1225 fastigium
1093 1174 1223 1224 recipi,
1241 1175 1316 1212 nisi
1335 1176 1440 1227 regia

97 1240 216 1290 stirpe
253 1243 391 1276 ortum.
449 1237 678 1274 Admiratus
718 1236 945 1287 Hephaestio
984 1237 1287 1287 magnitudinem
1323 1239 1439 1276 animi

97 1302 320 1353 spernentis,
353 1300 456 1352 quod
490 1300 556 1337 alii
588 1313 657 1350 per
688 1300 794 1350 ignes
827 1300 1045 1351 ferrumque
1078 1307 1276 1351 peterent:
1319 1305 1340 1323 “
1357 1301 1439 1339 Vos

95 1367 249 1418 quidem
267 1366 293 1382 ²⁴
306 1365 420 1402 macti
438 1364 619 1414 virtute,’'
640 1364 777 1415 inquit,
801 1366 822 1384 “
838 1369 972 1412 estote,
993 1365 1059 1415 qui
1087 1365 1201 1415 primi
1230 1365 1437 1403 intellexis-

96 1431 160 1478 tis,
181 1430 322 1480 quanto
342 1429 465 1478 majus
481 1433 582 1465 esset
603 1441 762 1479 regnum
782 1428 967 1476 fastidire,
984 1429 1099 1479 quam
1119 1429 1300 1479 accipere.
1361 1429 1437 1467 Cae-

96 1496 223 1531 terum
244 1493 331 1530 date
352 1493 518 1543 aliquem
538 1491 652 1542 regiae
672 1491 814 1542 stirpis,
831 1493 897 1542 qui
916 1492 1134 1530 meminerit
1149 1506 1171 1529 a
1185 1493 1294 1530 vobis
1313 1506 1437 1543 accep-

95 1563 178 1595 tum
212 1557 351 1594 habere
383 1569 423 1593 se
453 1556 651 1606 regnum.”
708 1556 766 1592 At
798 1555 877 1592 illis
910 1556 999 1592 exim
1030 1555 1171 1593 multos
1203 1556 1228 1573 ²⁵
1240 1556 1438 1594 imminere

95 1626 212 1658 tantae
233 1620 314 1670 spei
334 1624 546 1667 cernerent,
568 1618 730 1670 singulis
751 1618 959 1656 amicorum
979 1618 1194 1656 Alexandri
1214 1619 1262 1657 ob
1280 1620 1437 1657 nimiam

94 1684 200 1734 regui
216 1683 466 1733 cupiditatem
482 1682 695 1730 adulantes,
712 1686 888 1719 statuunt
903 1682 1091 1720 neminem
1107 1695 1190 1720 esse
1205 1682 1436 1732 ²⁶potiorcm,

93 1749 208 1798 quam
231 1747 544 1796 Abdalonymum
565 1746 778 1796 quemdam,
798 1746 912 1796 longa
931 1746 1088 1796 quidem
1109 1746 1332 1795 cognatione
1352 1747 1435 1784 stir-

93 1812 131 1861 pi
152 1811 269 1861 regiae
288 1823 489 1857 annexum,
506 1809 573 1846 scd
593 1809 641 1846 ob
657 1809 822 1858 inopiam
843 1809 1102 1846 suburbanum
1123 1808 1276 1845 hortum
1296 1809 1436 1859 exigua

92 1874 279 1911 colentem
299 1873 408 1922 stipe.
469 1872 594 1910 Causa
610 1872 644 1909 ei
663 1872 910 1922 paupertatiS,
928 1872 1025 1909 sicut
1044 1872 1248 1922 plerisque,
1264 1873 1436 1922 probitas

93 1943 195 1985 erat3
228 1937 472 1986 intentusque
493 1935 597 1985 operi
617 1935 765 1982 diurno,
784 1936 988 1985 strepitum
1009 1948 1211 1983 armorum,
1228 1936 1294 1986 qui
1315 1941 1435 1974 totam

94 2001 229 2037 Asiam
249 2004 504 2047 concusserat,
525 2000 552 2016 ²⁷
565 2012 639 2036 non
667 1999 907 2037 exaudiebat.

173 2065 203 2099 4.
235 2064 259 2079 ²⁸
276 2063 412 2101 Subito
443 2063 593 2112 deinde,
613 2062 659 2100 dc
679 2062 818 2113 quibus
838 2063 927 2099 ante
958 2062 1103 2099 dictum
1124 2066 1192 2109 cst,
1215 2075 1299 2099 cum
1320 2063 1435 2113 regite

98 2126 214 2163 vestis
236 2125 448 2175 insignibus
480 2125 634 2163 hortum
655 2125 809 2174 intrant,
829 2125 852 2143 ²⁰
867 2139 978 2176 quem
998 2126 1107 2172 forte,
1129 2125 1279 2162 steriles
1299 2125 1434 2164 herbas

63 2192 68 2198 '
93 2189 250 2240 eligens,
273 2189 567 2239 Abdalonymus
598 2188 840 2240 repurgabat.
900 2188 1006 2226 Tunc
1040 2188 1071 2225 R
1080 2201 1145 2238 ege
1178 2202 1221 2226 ee
1254 2189 1432 2236 salutato,

93 2253 190 2290 alter
211 2266 257 2289 cx
277 2253 358 2289 his:
389 2253 448 2272 ‘'³⁰“
466 2252 669 2302 Habitus,‘’
691 2252 827 2303 inquit,
849 2254 870 2272 “
885 2251 945 2288 hic
965 2252 1082 2289 vestis
1111 2265 1222 2302 quem
1250 2253 1373 2290 cernis
1395 2252 1433 2289 iu

93 2316 186 2353 meis
206 2316 392 2364 manibus,
409 2329 492 2353 eum
515 2316 588 2352 isto
605 2315 780 2366 squalore
801 2315 1074 2365 permutandus
1093 2315 1162 2351 tibi
1179 2322 1245 2352 cst.
1303 2315 1433 2353 Ablue

93 2393 241 2429 corpm,
275 2379 420 2426 illuvie,
455 2384 640 2429 terraque
680 2379 856 2415 sordibus
891 2378 1115 2428 squalidum.
1177 2379 1277 2428 Cape
1313 2378 1432 2427 Regis

94 2444 273 2490 animum,
294 2448 332 2480 et
361 2443 397 2479 in
430 2457 510 2480 cam
545 2443 745 2490 fortunam,
765 2445 839 2492 qua
873 2442 1010 2489 dignus
1032 2457 1081 2480 νεῖ,
1104 2443 1213 2479 imm
1243 2442 1432 2479 contiueu-
1481 2466 1484 2469 -
