1583 2680
568 168 728 194 L11313n
767 168 813 193 x.
859 167 968 193 CAP.
1012 166 1056 191 v.
1408 154 1484 191 255

135 262 299 304 retinere
317 265 544 313 potuerunt,
575 261 736 313 vagique
753 264 793 299 et
811 259 1022 299 furentibus
1043 257 1198 306 similes,
1220 260 1338 295 totam
1353 257 1485 296 urbem

135 327 244 365 luctu
261 338 304 364 ac
322 337 480 364 moerore
508 323 808 374 compleverunt3
840 322 958 361 nullis
986 321 1182 373 questibus
1202 319 1364 368 omissis,
1392 332 1486 371 quos

138 390 179 427 in
198 388 268 426 tali
288 401 378 426 casu
397 388 503 443 dolor
522 387 703 439 suggerit.

223 454 279 490 13.
311 451 416 503 Ergo
437 451 504 503 qui
536 456 646 489 extra
664 452 808 502 regiam
841 449 1056 497 astiterant,
1085 447 1314 486 Macedones
1342 446 1488 496 pariter

141 515 380 566 Barbarique
399 518 638 563 concurrunt,
659 527 729 553 nee
756 517 934 564 poterant
951 512 1045 551 victi
1065 525 1088 549 a
1105 510 1314 550 victoribus
1334 510 1372 547 in
1391 522 1487 547 com-

138 578 240 617 muni
259 577 388 616 dolore
408 577 583 616 discerni.
641 577 772 616 Persae
799 576 1056 627 justissimum
1090 587 1133 613 ac
1160 573 1405 612 mitissimum
1425 572 1487 610 do-

136 641 292 690 minum,
313 641 541 679 Macedones
569 640 754 691 optimum
786 652 831 677 ac
859 639 1112 678 fortissimum
1140 637 1288 689 Regem
1317 636 1488 675 invocan-

136 710 206 753 tes,
240 705 453 742 ⁵certamen
484 704 672 755 quoddam
702 703 875 741 moeroris
912 702 1083 741 edebant.
1149 700 1233 739 Nec
1268 705 1487 738 moestorum

138 768 275 816 solum,
296 767 362 805 sed
382 768 499 805 etiam
530 767 812 818 indignantium
830 778 940 804 voees
969 764 1281 812 exaudiebantur,
1300 767 1379 801 tam
1399 762 1487 801 viri·

139 831 237 880 dem,
274 836 313 869 et
345 830 384 868 in
415 831 505 869 flore
536 831 664 870 aetatis
697 830 948 880 fortunaeque,
981 828 1129 867 invidia
1159 827 1288 865 Derim
1317 830 1488 876 ereptum

138 907 219 932 csse
238 894 352 932 rebus
379 893 564 932 humanis.
621 893 746 944 Vigor
775 893 857 942 ejus
887 897 926 930 et
944 891 1075 929 vultus
1106 889 1300 929 educentis
1327 889 1368 927 in
1395 902 1489 939 prae-

138 957 235 995 lium
252 957 405 1006 milites,
426 956 635 995 obsidentis
654 955 780 1004 urbes,
800 954 1018 993 “evadentis
1036 954 1078 991 in
1092 965 1231 1002 murOS,
1248 952 1368 991 fortes
1385 951 1489 990 viros

138 1033 207 1070 pro
237 1019 416 1057 concione
446 1019 634 1067 donantis,
669 1018 916 1057 occurrebant
945 1017 1075 1056 oculis.
1133 1017 1233 1055 Tum
1262 1015 1490 1054 Macedones

140 1083 289 1121 divinos
319 1082 479 1120 honores
507 1085 666 1133 negasse
685 1082 720 1119 ei
747 1081 980 1132 poenitebat3
1011 1080 1221 1131 impiosque
1252 1085 1291 1117 et
1320 1079 1491 1130 ingratos

138 1147 259 1184 fuisse
288 1158 328 1184 se
358 1145 644 1194 confitebantur,
677 1144 781 1196 quod
813 1157 922 1182 aures
960 1145 1044 1194 ejus
1075 1143 1206 1181 debita
1235 1142 1490 1194 appellatione

139 1209 393 1248 fraudassent.
450 1208 506 1246 Et
537 1209 626 1246 cl'lm
659 1207 727 1245 diu
755 1220 855 1245 nunc
888 1207 928 1244 in
957 1206 1213 1254 veneratione,
1232 1218 1333 1243 nunc
1360 1205 1401 1242 in
1431 1204 1491 1242 de·

143 1272 281 1311 siderio
312 1271 431 1323 Regis
460 1271 674 1320 haesissent,
695 1271 735 1308 in
763 1271 866 1321 ipsos
885 1283 994 1309 versa
1022 1269 1218 1307 miseratio
1238 1274 1308 1307 est.
1367 1268 1491 1306 Mace-

143 1336 259 1374 donia
285 1335 448 1386 profecti
479 1334 585 1372 ultra
614 1333 853 1384 Euphratem
883 1333 1020 1371 mediis
1050 1332 1227 1371 hostibus
1258 1344 1396 1370 novum
1424 1331 1491 1368 im·

143 1399 290 1449 perium
309 1398 610 1449 aspernantibus,
631 1397 838 1435 destitutos
866 1409 905 1435 se
933 1409 1014 1435 esse
1033 1396 1258 1435 cernebant:
1289 1395 1370 1433 sine
1388 1399 1492 1432 certo

143 1462 264 1513 Regis
282 1461 445 1510 haerede,
464 1461 634 1512 publicas
652 1461 754 1500 vires
773 1461 822 1499 ad
841 1473 880 1499 se
898 1473 1083 1512 quemque
1102 1464 1324 1498 tracturum.
1381 1457 1494 1496 Bella

145 1525 284 1562 deinde
330 1524 471 1572 civilia,
515 1537 601 1575 quae
647 1528 778 1562 secuta
823 1529 924 1572 sunt,
960 1523 1152 1561 mentibus
1196 1522 1490 1574 augurabantur.

145 1589 292 1626 Iterum
324 1589 423 1626 ⁷non
454 1587 500 1624 de
531 1599 649 1638 regno
679 1586 799 1634 Asiae,
829 1586 896 1623 sed
925 1585 972 1631 de
1002 1585 1120 1636 Rege,
1148 1585 1243 1635 ipsis
1271 1585 1492 1636 sanguinem

145 1665 226 1689 esse
256 1650 498 1688 fundendum.
568 1649 690 1687 Novis
719 1649 940 1687 vulneribus
968 1652 1115 1687 veteres
1144 1647 1369 1698 rumpendas
1399 1648 1491 1685 cica-

144 1714 268 1753 trices.
337 1714 454 1752 Senes
487 1712 643 1761 debiles,
676 1712 789 1750 modo
818 1711 943 1761 petita
974 1710 1152 1748 missione
1185 1723 1208 1748 a
1239 1711 1345 1760 justo
1373 1710 1492 1763 Rege,

144 1789 243 1814 nunc
270 1777 476 1814 morituros
504 1776 597 1826 ”pro
616 1775 789 1826 potentia
807 1774 970 1812 forsitan
997 1773 1176 1812 satellitis
1203 1773 1364 1823 alicujus
1390 1773 1492 1825 igno-

144 1839 245 1878 bilis.

230 1904 286 1941 14.
316 1902 401 1940 Has
421 1901 671 1953 cogitationes
686 1900 938 1948 volventibus,
957 1913 1031 1938 nox
1046 1899 1276 1950 supervenit,
1296 1904 1494 1937 terrorem—

147 1979 221 2016 que
254 1966 372 2004 auxit.
431 1965 579 2003 Milites
610 1965 650 2002 in
682 1965 796 2003 armis
827 1964 1050 2016 vigilabant,
1089 1962 1308 2013 Babylonii,
1347 1962 1446 2000 alius
1475 1975 1495 2000 e

146 2029 277 2077 muris,
310 2029 409 2066 alius
439 2028 601 2066 culmine
632 2028 690 2065 sui
721 2028 881 2079 quisque
913 2027 1016 2075 tecti,
1047 2025 1351 2076 prospectabant,
1387 2025 1495 2077 quasi

149 2091 313 2128 certiora
344 2091 475 2130 visuri.
550 2090 632 2129 Nee
669 2091 867 2141 quisquam
903 2089 1046 2127 lumina
1083 2088 1247 2127 audebat
1281 2088 1492 2126 accendere.

148 2153 202 2190 Et
233 2153 322 2204 quia
341 2153 536 2191 oculorum
568 2153 738 2191 cessabat
769 2165 871 2201 usus,
899 2151 1104 2190 ⁰frem'itus
1130 2164 1314 2202 vocesque
1341 2150 1495 2189 auribus

149 2216 363 2266 captabant.
431 2216 490 2254 Ac
525 2216 748 2267 plerumque
780 2228 876 2253 vano
908 2220 1012 2253 metu
1042 2215 1181 2264 territi,
1218 2228 1286 2266 per
1317 2215 1495 2253 obscuras

147 2280 303 2316 semitas
322 2278 419 2316 alius
438 2278 506 2316 alii
526 2283 780 2327 occursantes,
801 2278 961 2317 invicem
988 2278 1152 2329 suspecti
1172 2283 1211 2316 et
1229 2277 1385 2316 solliciti
1404 2278 1495 2315 fere-

146 2343 293 2381 bantur.
353 2342 497 2390 Persae,
530 2343 647 2379 comis
676 2354 746 2379 suo
776 2354 880 2380 more
913 2341 1095 2390 detonsis,
1130 2341 1170 2379 in
1200 2341 1354 2393 lugubri
1390 2346 1495 2378 veste

146 2418 231 2443 cum
260 2404 483 2456 conjugibus
513 2417 556 2442 ac
586 2404 731 2453 liberis,
750 2417 826 2443 non
855 2409 899 2442 ut
917 2405 1114 2453 victorem,
1136 2410 1175 2442 et
1203 2403 1315 2441 modo
1335 2403 1494 2451 hostem,

146 2468 212 2507 sed
241 2474 285 2507 ut
314 2468 439 2520 gentis
470 2481 547 2507 suae
576 2468 831 2519 justissimum
864 2468 1022 2520 Regem,
1053 2481 1142 2506 vcro
1171 2466 1360 2505 desiderio
1391 2465 1494 2515 luge·
