1583 2680
156 119 205 154 28
619 130 804 162 QU1NT1
842 129 1026 155 cUnT11

154 233 221 258 nec
233 221 433 259 admittere
447 221 640 270 auderent,
649 221 754 259 nullo
764 234 944 272 responso
953 221 1056 270 dato,
1066 220 1195 259 tacitae
1207 220 1498 271 opperiebantur

155 284 309 321 victoris
340 285 547 323 arbitrium.
605 285 809 333 Leonatus,
842 289 1039 337 expectato
1068 284 1134 322 diu
1151 284 1216 335 qui
1244 297 1284 322 se
1305 284 1497 321 intromit-

155 351 264 395 teret,
294 353 495 399 postquam
524 361 633 385 nemo
662 348 813 398 prodire
846 347 1021 396 audebat,
1059 347 1203 386 relictis
1237 348 1277 385 in
1307 347 1497 385 vestibulo

155 410 395 458 satellitibus,
425 411 543 448 intrat
574 411 615 447 in
646 410 939 449 tabernaculum.
997 411 1058 448 Ea
1084 411 1169 461 ipsa.
1196 424 1257 449 res
1275 411 1498 449 turbaverat

155 473 326 511 foeminas
368 473 470 524 qued
500 474 511 491 ⁶
527 473 719 523 irrupisse,
749 486 823 510 non
860 473 1055 522 admissus,
1091 473 1304 512 videbatur.
1361 474 1497 524 Itaque

155 541 278 573 mater
298 540 336 573 et
354 538 491 586 conjux
509 537 521 554 ⁷
534 536 744 586 provoluta>
763 536 813 573 ad
830 537 946 586 pedes
966 550 1070 575 orare
1090 542 1292 587 coeperunt,
1311 542 1368 586 ut,
1386 537 1496 587 priris

135 600 267 649 quam
296 600 603 648 interficerentur,
635 599 747 637 Darii
776 613 912 650 eorpus
941 600 1036 650 ipsis
1064 601 1188 651 patrio
1216 613 1320 638 more
1339 600 1493 650 sepelir(

156 663 395 711 permitteret
412 677 419 701 :
465 664 616 700 functas
653 676 825 713 supremo
858 663 899 701 in
934 664 1081 715 Regem
1117 664 1233 702 officio
1266 677 1305 702 se
1334 663 1496 714 impigre

154 726 365 764 morituras.
433 726 444 743 ⁸
459 726 663 775 LeonatUS,
695 731 734 764 et
767 726 896 766 vivere
933 727 1106 776 Darium,
1140 732 1178 765 et
1213 728 1315 778 ipsas
1341 739 1417 764 non
1444 727 1497 763 in-

154 789 316 826 columes
349 789 472 838 modo,
493 789 561 827 scd
593 789 711 827 etiam
730 795 916 840 apparatu
942 791 1117 841 pristinae
1143 791 1309 829 fortunae
1328 790 1499 842 Reginas

154 852 242 890 fore.
301 853 398 890 Tum
418 853 570 891 demum
588 858 710 892 mater
729 853 841 892 Darii
856 854 1013 893 allevari
1032 867 1071 892 se
1089 867 1201 905 passa
1220 859 1285 893 est.

234 918 294 952 31.
326 916 553 954 Alexander
571 923 725 967 postero
747 918 820 967 die,
842 919 931 956 enm
951 931 1082 956 curam
1110 919 1339 969 sepeliendis
1367 918 1497 956 militi-

155 980 225 1017 bus
245 980 494 1029 impenderet,
514 993 676 1031 quorum
705 994 863 1031 corpora
890 982 1098 1030 invenerat,
1119 982 1327 1019 Persarum
1347 995 1497 1034 quoque

155 1042 403 1080 nobilissimis
433 1043 596 1080 eundem
629 1043 812 1081 honorem
845 1044 979 1081 haberi
1009 1045 1132 1094 jubet,
1165 1045 1353 1096 matrique
1387 1045 1498 1082 Darii

156 1106 353 1154 permittit,
370 1119 464 1156 quos
479 1106 609 1154 vellet,
625 1107 751 1157 patrio
771 1120 875 1145 more
896 1107 1085 1158 sepeliret.
1144 1108 1222 1146 Illa
1235 1122 1374 1158 paucos
1391 1112 1497 1146 areta

156 1169 440 1219 propinquitate
460 1171 682 1219 conjunctos
702 1184 770 1221 pro
790 1171 926 1210 habitu
945 1172 1146 1222 praesentis
1165 1173 1329 1210 fortunae
1348 1173 1495 1210 humari

153 1233 281 1281 jussit,
303 1238 526 1282 apparatum
545 1233 733 1284 funerum,
752 1247 827 1285 quo
848 1235 980 1273 Persae
1000 1249 1176 1285 suprema
1196 1236 1317 1274 officia
1336 1237 1496 1275 celebra-

157 1300 252 1344 rent,
272 1295 501 1333 invidiosum
528 1297 609 1334 fore
640 1298 876 1346 existimans,
898 1299 987 1336 cslm
1005 1299 1169 1337 victores
1199 1299 1302 1337 haud
1332 1300 1497 1350 pretiose

157 1364 428 1397 cremarentur.
487 1360 652 1412 Jamque
673 1362 685 1378 ⁹
694 1361 811 1411 justis
828 1361 1095 1400 defunctorum
1110 1363 1332 1413 corporibus
1348 1364 1497 1412 solutis,

157 1423 359 1472 praemittit
388 1423 437 1460 ad
465 1424 644 1474 captivas,
664 1425 730 1475 qui
759 1425 983 1463 nunciarent
1010 1425 1136 1476 ipsum
1155 1427 1298 1474 venire,
1314 1427 1498 1465 ,inhibita-

156 1499 229 1536 que
249 1487 512 1524 comitantium
532 1487 659 1534 turb-21,
683 1489 708 1506 ²⁰
723 1488 1010 1526 tabernaculum
1035 1502 1122 1527 eum
1152 1490 1426 1540 Hephaestione
1440 1492 1495 1528 'in-

157 1554 244 1586 trat.
302 1549 344 1587 Is
364 1550 476 1601 longe
497 1551 666 1588 omnium
686 1552 892 1589 amicorum
912 1552 1131 1590 carissimus
1153 1559 1235 1591 erat
1256 1554 1380 1605 Regi:
1412 1568 1497 1594 cum

157 1613 238 1662 ipso
257 1614 401 1663 pariter
421 1614 619 1663 educatus,
636 1620 868 1653 secretorum
888 1616 1056 1654 omnium
1077 1617 1102 1635 ¹¹
1117 1617 1280 1667 arbiter;
1310 1618 1499 1657 libertatis

155 1689 303 1727 quoque
322 1677 362 1714 in
381 1677 616 1716 admonendo
637 1692 680 1717 eo
702 1679 728 1697 ¹²
741 1692 816 1717 non
836 1679 934 1717 alius
950 1681 1015 1730 jus
1034 1681 1220 1729 habebat3
1250 1682 1352 1733 quod
1372 1687 1499 1721 tamen

157 1740 212 1776 ita
226 1741 447 1790 usurpabat,
467 1741 493 1759 ³⁸
507 1746 551 1779 ut
569 1742 692 1793 magis
713 1756 735 1780 a
755 1742 863 1792 Rege
879 1743 1119 1793 permissum,
1135 1745 1250 1794 quam
1265 1745 1499 1785 vindicatum

157 1804 203 1841 ab
224 1817 266 1841 co
286 1804 504 1853 videretur3
534 1809 574 1841 et
602 1805 702 1842 sicut
731 1810 845 1843 aetate
877 1819 946 1855 par
966 1812 1048 1844 erat
1079 1807 1194 1858 Regi,
1214 1807 1270 1844 ita.
1290 1808 1316 1826 ²⁴
1331 1811 1499 1860 corporis

157 1867 290 1905 habitu
305 1867 523 1917 praestabat.
567 1867 672 1919 Ergo
691 1867 852 1919 Regina}
868 1869 978 1906 illum
995 1869 1143 1920 Regem
1158 1883 1239 1908 esse
1259 1876 1365 1920 ratae,
1390 1874 1416 1891 ¹⁵
1430 1887 1498 1911 suo

157 1944 258 1968 more
279 1936 470 1968 venerata>
491 1936 588 1968 sunt..
648 1931 744 1969 Inde
765 1946 811 1969 ex
832 1933 1062 1982 spadonibus
1082 1934 1254 1984 captivis,
1271 1936 1358 1986 quis
1378 1937 1497 1974 Alex-

155 1994 271 2031 ander
291 1999 403 2041 esset,
426 1995 452 2012 ¹⁶
466 1995 779 2043 monstrantibus,
798 1996 1034 2047 Sisygambis
1055 1997 1239 2035 advoluta
1258 2005 1317 2036 est
1336 2001 1497 2050 pedibus

157 2059 249 2107 ejus,
268 2059 539 2107 ignorationem
559 2071 752 2109 nunquam
772 2061 883 2096 anteit
899 2060 969 2098 visi
991 2060 1110 2111 Regis
1131 2075 1323 2099 excusans.
1374 2063 1497 2109 Quam

156 2135 268 2158 manu
300 2121 468 2159 allevans
500 2122 607 2159 Rex:
640 2125 662 2144 “
677 2123 765 2160 Non
797 2124 973 2171 errasti,⁷'
996 2124 1130 2175 inquit,
1162 2129 1182 2146 ‘⁴
1198 2133 1338 2175 mntem
1373 2129 1396 2145 ¹⁷
1411 2141 1494 2165 nani

156 2190 194 2222 et
214 2185 274 2222 hic
297 2185 523 2222 Alexander
544 2187 637 2222 cst.''

236 2252 294 2285 32.
328 2249 352 2266 ¹⁸
371 2249 574 2300 Equidem,
596 2249 628 2285 si
648 2249 717 2286 hae
737 2250 973 2287 continentia
1003 2251 1118 2288 animi
1139 2252 1186 2289 ad
1207 2252 1385 2291 ultimum
1406 2255 1496 2293 vitm

155 2325 396 2362 perseverare
424 2313 625 2362 potuisset,
646 2313 854 2350 feliciorem
885 2314 1002 2352 fuisse
1034 2315 1236 2363 crederem,
1257 2318 1373 2368 quam
1392 2317 1496 2355 visus

156 2381 213 2414 est
234 2390 325 2425 esso,
346 2376 434 2413 οήιη
458 2376 586 2413 Liberi
619 2377 739 2426 patris
772 2377 987 2415 imitaretur
1010 2379 1253 2429 triumphum,
1276 2381 1323 2418 ab
1346 2381 1488 2418 Helle>

157 2446 270 2491 ponto
292 2454 409 2491 usqne
430 2440 476 2477 ad
501 2441 694 2479 Oceanum
717 2455 845 2478 omncs
877 2448 1008 2491 gentes
1029 2444 1187 2481 victoris·
1211 2457 1409 2482 υιῃοιιεικ·
1441 2445 1492 2482 sic
