1583 2680
149 142 222 178 162
608 155 789 186 QUINTI
829 156 1014 182 cun'ru

222 248 282 283 27.
315 245 419 284 Hine
466 245 735 285 Menedemum
781 260 866 285 cum
910 248 1036 287 tribus
1081 247 1251 287 millibus
1296 248 1482 300 peditum,

141 312 180 344 et
199 307 430 359 octingentis
451 309 644 360 equitibus
677 309 726 347 ad
758 309 892 348 urbem
923 310 1157 348 Maracanda
1183 311 1299 349 misit.
1358 311 1483 361 Spita-

139 384 267 408 menes
298 372 507 422 transfuga,
538 371 717 422 praesidio
751 372 1006 411 Macedonum
1036 373 1125 411 inde
1163 373 1323 423 dejecto,
1361 374 1481 411 muris

137 433 244 471 urbis
281 437 364 485 ejus
402 435 609 473 incluserat
642 448 694 483 se,
741 435 844 473 haud
881 436 1083 486 oppidanis
1121 437 1320 474 consilium
1358 437 1479 474 defec-

137 497 254 534 tionis
292 498 602 548 approbantibus.
677 498 795 550 Sequi
827 504 956 537 tamen
992 499 1234 547 videbantur,
1272 500 1361 550 quia
1398 512 1479 549 pro-

135 559 266 598 hibere
286 574 361 598 non
388 566 576 611 poterant.
634 561 799 599 Interim
819 561 1043 600 Alexander
1063 562 1112 600 ad
1141 561 1305 599 Tanaim
1333 575 1480 599 amnem

135 623 248 672 redit,
269 629 308 662 et
341 629 527 675 quantum
556 624 627 662 soli
658 630 935 675 occupaverant
961 625 1109 672 castris,
1130 637 1239 662 muro
1272 624 1480 662 circumde-

135 686 202 723 dit.
275 687 483 738 Sexaginta
516 688 729 726 stadiorum
760 688 867 727 urbis
904 701 1036 726 murus
1069 688 1166 737 fuit3
1207 687 1304 725 hane
1331 700 1480 738 quoque

134 749 269 787 urbem
301 750 581 788 Alexandriam
611 750 796 801 appellari
820 751 948 801 jussit.
1010 751 1119 801 Opus
1148 752 1258 787 tanta
1286 750 1480 787 eeleritate

134 813 347 861 perfeetum
367 817 437 860 est,
458 817 503 850 ut
533 813 680 850 decimo
709 813 871 863 septimo
893 813 967 861 die,
983 815 1100 864 quam
1127 813 1364 851 munimenta
1383 812 1480 850 exci-

134 880 216 911 tata
237 880 356 923 erant,
378 880 481 913 tecta
510 888 661 927 quoque
680 875 788 914 urbis
818 876 842 894 ¹⁵
853 876 1154 915 absolverentur.
1213 875 1355 928 Ingens
1385 876 1479 914 mili-

133 943 214 974 tum
253 943 446 976 certamen
478 938 577 976 inter
610 939 714 989 ipsos
753 940 891 990 fuerat,
927 944 972 978 ut
1011 953 1122 978 suum
1150 939 1311 991 quisque
1342 952 1480 977 munus

133 1000 277 1051 ¹⁶(nam
310 1001 475 1039 divisum
508 1003 606 1053 erat)
638 1002 784 1052 primus
813 1002 1044 1040 ostenderet.
1102 1002 1247 1041 Incolae
1265 1015 1374 1041 novae
1392 1002 1480 1040 urbi

134 1065 158 1082 ¹⁷
173 1064 257 1101 dati
276 1065 428 1115 captivi,
449 1078 555 1116 quos,
578 1065 731 1104 reddito
746 1067 870 1116 pretio
891 1066 1066 1114 dominis,
1086 1065 1289 1104 liberavit:
1317 1079 1479 1116 quorum

131 1128 276 1177 posteri
306 1141 406 1165 nunc
437 1141 586 1179 quoque
619 1141 695 1166 non
715 1129 816 1178 apud
847 1142 910 1166 eos
939 1134 1019 1166 tam
1046 1129 1159 1179 longa
1177 1133 1303 1176 aetate,
1323 1133 1479 1179 propter

133 1190 353 1227 memoriam
373 1190 601 1239 Alexandri,
623 1191 885 1229 exoleverunt.

212 1252 312 1290 VII.
342 1255 404 1291 28.
436 1253 495 1291 At
525 1253 614 1291 Rex
650 1253 892 1304 Scytharum,
923 1255 1032 1304 cujus
1067 1258 1150 1291 tum
1182 1253 1284 1291 ultra
1315 1253 1478 1292 Tanaim

132 1316 334 1365 imperium
364 1321 457 1364 erat,
474 1320 580 1353 ratus
615 1329 697 1354 eam
716 1317 862 1365 urbem,
892 1330 1005 1368 quam
1034 1317 1074 1354 in
1101 1317 1187 1367 ripa
1207 1317 1329 1354 amnis
1350 1316 1476 1354 Maec-

132 1379 249 1416 dones
276 1379 536 1427 condiderant,
568 1379 647 1417 suis
680 1379 899 1429 impositam
932 1392 1014 1417 esse
1048 1379 1272 1427 cervicibus,
1305 1380 1476 1427 fratrem,

134 1441 326 1480 Cartasim
344 1442 507 1489 nomine,
528 1455 614 1480 cum
634 1445 773 1492 magna
803 1443 974 1494 equitum
1001 1455 1117 1479 manu
1135 1442 1241 1479 misit
1260 1442 1308 1479 ad
1329 1442 1475 1480 diruen-

133 1505 220 1541 dam
241 1518 334 1552 eam,
354 1504 564 1555 proculque
597 1517 706 1542 amne
739 1505 1024 1543 submovendas
1054 1505 1307 1543 Macedonum
1334 1506 1473 1556 copias.

133 1568 362 1606 Bactrianos
384 1569 392 1586 ¹
412 1568 556 1605 Tanais
587 1568 635 1606 ab
667 1568 836 1618 Scythis,
857 1581 952 1620 quos
986 1568 1196 1619 Europaeos
1216 1573 1364 1616 vocant,
1385 1568 1475 1606 divi-

132 1632 202 1668 dit.
273 1631 385 1669 Idem
420 1631 557 1669 Asiam
588 1636 627 1670 et
661 1632 858 1682 Europam
891 1633 976 1670 finis
1013 1632 1208 1670 interfluit.
1281 1631 1476 1671 Caeterum

134 1695 363 1745 Scytharum
399 1709 493 1746 gens
529 1695 632 1734 haud
669 1696 804 1746 procul
843 1696 1008 1734 Thracii).
1046 1697 1131 1745 sita,
1161 1696 1209 1734 ab
1240 1695 1398 1735 Oriente
1427 1695 1475 1733 ad

134 1759 442 1809 Septentrionem
463 1773 503 1797 se
522 1759 654 1807 vertit,
672 1759 1019 1811 Sarmatarumque,
1039 1765 1084 1798 ut
1101 1759 1255 1810 quidam
1268 1759 1475 1809 credidero,

132 1835 207 1859 non
227 1822 400 1870 finitima,
421 1822 489 1860 sed
508 1835 596 1873 pars
617 1827 685 1860 est.
759 1823 886 1861 Recta
906 1823 1043 1860 deinde
1064 1823 1254 1873 regionem
1274 1822 1475 1860 Alauniim

133 1885 239 1923 ultra
260 1885 407 1923 Istrum
434 1887 625 1935 jacentem
653 1885 741 1933 coit,
763 1890 802 1923 et
820 1885 956 1923 ultima
976 1885 1094 1934 Asiae,
1116 1885 1193 1936 qua
1213 1885 1353 1922 Baetra
1373 1891 1473 1933 sunt,

134 1948 299 2000 stringit.
369 1948 609 1986 Habitantur
638 1961 723 1999 quae
755 1948 1017 1998 Septentrioni
1045 1949 1220 1999 propiora
1248 1953 1362 1986 sunt:
1392 1962 1475 1998 pro-

132 2013 262 2050 fundae
293 2012 381 2050 inde
413 2011 544 2063 sylvae,
564 2020 760 2062 vastaeque
792 2011 1021 2050 solitudines
1041 2011 1246 2061 excipiunt.
1306 2012 1474 2059 Rursus,

133 2088 218 2125 qua>
238 2080 276 2111 et
297 2075 456 2112 Tanaim
476 2080 515 2112 et
545 2074 687 2112 Bactra
719 2079 904 2125 spectant,
924 2074 936 2091 ⁹
951 2074 1115 2112 humano
1135 2073 1244 2111 cultu
1272 2074 1374 2112 haud
1403 2074 1474 2112 dis-

134 2137 239 2187 paria
272 2143 370 2174 sunt.
447 2138 602 2176 Primus
635 2151 719 2176 eum
753 2137 823 2176 hac
855 2141 970 2189 gente
1003 2150 1077 2175 non
1110 2137 1304 2187 provisum
1332 2137 1476 2176 bellum

137 2200 360 2238 Alexander
378 2206 570 2250 gesturus,
593 2202 682 2238 esim
716 2201 754 2238 iu
788 2205 992 2251 conspectu
1021 2202 1103 2250 ejus
1126 2200 1367 2251 obequitaret
1394 2200 1475 2238 hos-

137 2263 199 2311 tis,
221 2263 343 2300 adhue
367 2277 468 2313 :eger
488 2277 535 2301 ex
556 2264 724 2311 vulnere,
746 2264 936 2314 praecipue
969 2277 1060 2301 voce
1095 2263 1284 2312 deficiens,
1304 2277 1418 2315 quam
1438 2269 1478 2301 et

137 2326 337 2363 ³modieus
375 2326 496 2373 cibus,
536 2332 574 2363 et
621 2327 777 2365 cervicis
824 2327 1058 2365 extenuabat
1104 2326 1223 2375 dolor,
1262 2327 1401 2365 amicos
1438 2326 1476 2363 in

140 2389 343 2426 eonsilium
376 2388 552 2426 advocari
582 2389 701 2439 jubet.
779 2390 966 2428 Terrebat
1003 2403 1089 2428 eum
1127 2403 1201 2427 non
1239 2389 1371 2437 hostis,
1410 2388 1477 2426 scd

142 2452 325 2504 iniquitas
357 2453 546 2503 temporis.
618 2453 837 2490 *Bactriani
871 2453 1097 2491 defecerant.
1174 2453 1326 2503 Scytha·
1363 2452 1477 2489 ctiam
