1583 2680
105 159 149 194 1ss
559 168 743 201 QUINTI
786 167 971 194 CURTII

104 273 267 311 praeceps
299 273 350 309 se,
371 261 436 299 sed
456 261 678 299 'strenuum
708 259 917 299 remedium
945 260 1092 308 afferre,
1121 263 1338 311 tantamque
1365 259 1442 299 vim

107 323 226 361 morbi
257 323 409 373 potione
436 324 626 361 medicata
653 323 868 361 levaturum
887 335 968 361 esse
986 322 1170 374 promisit.
1228 322 1338 361 Nulli
1363 336 1446 373 pro-

104 385 263 423 missum
293 387 375 435 ejus
405 386 591 436 placebat,
619 390 757 435 praeter
783 385 908 436 ipsum
936 386 1072 436 ‘'cujus
1100 385 1267 436 periculo
1295 385 1447 436 pollice-

108 452 226 486 natur.
287 448 426 487 Omnia
444 448 581 499 quippe
609 447 775 496 facilius,
795 449 908 498 quam
937 461 1094 497 moram,
1113 449 1260 499 perpeti
1289 452 1452 499 poterat.⁴

107 511 230 548 Arma
248 514 286 548 et
304 511 402 549 acies
421 511 460 548 in
480 511 597 548 oculis
616 514 746 560 erant;
776 515 815 548 et
833 511 1032 549 victoriam
1058 511 1098 548 in
1117 524 1159 549 eo
1178 511 1342 562 positam
1369 523 1452 549 esse

108 573 378 622 arbitrabatur,
399 574 432 611 si
463 575 616 611 tantum
648 577 736 611 ante
766 573 874 624 signa
901 578 1003 612 stare
1031 574 1244 624 potuisset:
1273 573 1451 624 idipsum,

109 636 209 686 qued
237 641 323 686 post
355 636 454 673 diem
485 635 643 674 tertium
669 636 988 674 medicamentum
1018 641 1236 687 sumpturus
1265 641 1364 674 esset
1383 636 1455 685 (ita.

111 699 211 736 enim
229 699 398 737 medicus
430 698 674 750 praedixerat)
694 700 795 750 aegre
828 699 962 737 ferens.
1020 699 1130 738 Inter
1156 699 1236 738 haec
1261 712 1284 736 a
1301 699 1454 737 Parme·

111 761 222 798 nione
264 761 446 798 fidissimo
493 762 810 812 ‘purpuratorum
853 761 1006 800 litteras
1051 762 1199 813 accipit,
1236 762 1374 813 quibus
1420 760 1456 798 ei

113 824 377 872 denunciabat,
410 837 457 862 ne
490 824 651 862 salutem
683 837 791 863 suam
826 824 1011 875 Philippo
1048 825 1314 873 committeret,
1350 823 1458 861 mille

114 886 269 924 talentis
289 899 311 923 a
329 886 459 936 Dario,
481 892 521 924 et
539 900 604 937 spe
621 887 842 938 nuptiarum
862 887 1002 925 sororis
1021 888 1103 937 ejus
1122 900 1204 925 esse
1224 891 1456 938 corruptum.

115 949 318 999 Ingentem
348 949 471 988 animo
508 950 804 988 sollicitudinem
834 950 975 988 litterae
1004 951 1254 998 incusserant,
1283 955 1323 988 et
1357 949 1459 1001 quie-

114 1012 208 1063 quid
241 1012 306 1050 5111
323 1017 523 1064 utramque
555 1018 703 1064 partem
735 1018 804 1051 aut
831 1018 967 1062 metus,
998 1018 1064 1051 ant
1093 1026 1179 1063 spes
1212 1013 1458 1062 ⁵subjccerat,

116 1078 263 1112 secreta
294 1075 549 1114 aestimatione
581 1075 777 1125 pensabat.
835 1075 1010 1114 “Bibere
1039 1075 1306 1126 perseverem?
1343 1079 1397 1123 ut,
1427 1074 1460 1112 si

115 1151 304 1175 venenum
332 1137 461 1175 datum
489 1138 616 1186 fuerit,
637 1139 708 1175 ⁷ne
736 1137 927 1175 immerito
959 1138 1123 1190 quidem,
1156 1137 1339 1189 quicquid
1368 1137 1460 1175 acci-

118 1200 228 1248 derit,
258 1199 426 1238 evenisse
454 1199 663 1238 videatur?
717 1199 902 1238 Damnem
929 1200 1068 1238 medici
1097 1200 1241 1238 fidem?
1268 1201 1309 1238 in
1340 1201 1461 1239 taber-

118 1263 254 1301 naculo
273 1276 361 1314 ergo
379 1276 438 1300 me
457 1263 619 1313 opprimi
638 1262 794 1313 patiar?
848 1263 905 1300 At
925 1263 1047 1302 satius
1066 1268 1124 1301 est
1144 1263 1269 1301 alieno
1288 1276 1347 1302 me
1365 1263 1461 1301 mori

119 1325 270 1374 scelere,
301 1326 415 1376 quam
438 1330 542 1363 metu
573 1326 738 1364 nostr0.’'
794 1325 872 1363 Diu
900 1326 1024 1364 animo
1056 1326 1096 1364 in
1123 1325 1275 1365 diversa
1301 1331 1462 1374 versato,

118 1388 213 1426 nulli
233 1388 325 1439 quid
344 1388 527 1439 scriptum
541 1393 653 1437 esset,
674 1389 871 1438 enunciat;
894 1389 1167 1440 epistolamque
1187 1389 1313 1441 sigillo
1333 1389 1463 1427 annuli

121 1452 180 1490 sui
200 1452 392 1502 impresso,
411 1451 578 1502 pulvino,
599 1451 661 1489 cui
680 1451 898 1500 incubabat,
919 1452 1094 1502 subjecit,

206 1517 261 1553 14.
293 1515 401 1553 Inter
412 1514 481 1552 has
500 1514 750 1566 cogitationes
764 1514 882 1554 biduo
903 1521 1110 1566 assumpto,
1123 1515 1258 1554 illuxit
1275 1529 1298 1553 a
1316 1515 1463 1553 medico

121 1579 335 1617 destinatus
367 1577 459 1617 dies.
516 1578 570 1616 Et
597 1577 663 1615 ille
696 1590 781 1615 cum
811 1578 956 1628 poculo,
984 1578 1024 1615 in
1051 1591 1124 1629 quo
1151 1578 1463 1617 medicamentum

123 1642 299 1690 diluerat,
332 1641 500 1679 intravit.
573 1639 656 1686 Quo
689 1640 771 1679 viso
808 1641 1038 1690 Alexander,
1075 1641 1201 1680 levato
1238 1655 1391 1692 corpore
1426 1643 1467 1680 in

123 1705 304 1753 cubitum,
352 1704 551 1754 epistolam
595 1717 618 1742 a
653 1703 906 1742 Parmenione
950 1704 1106 1742 missam
1151 1705 1310 1742 sinistra
1354 1718 1467 1742 manu

124 1774 269 1816 tenens,
291 1767 429 1817 accipit
458 1767 644 1817 poculum,
664 1771 704 1804 et
724 1766 879 1805 ‘'haurit
906 1767 1127 1805 interritus:
1156 1771 1238 1805 tum
1266 1767 1464 1817 epistolam

125 1831 347 1881 Philippum
376 1830 501 1881 legere
525 1830 648 1879 jubet,
681 1842 749 1867 nec
782 1842 804 1866 a
835 1829 946 1867 vultu
982 1829 1145 1881 legentis
1179 1830 1299 1868 movit
1326 1830 1466 1879 oculos,

125 1899 231 1933 ratus
251 1893 397 1944 aliquas
417 1895 428 1911 ⁹
444 1893 682 1931 conscientia>
693 1898 800 1930 notas
813 1892 853 1930 in
872 1893 954 1942 ipso
973 1905 1036 1931 ore
1055 1905 1163 1943 posse
1179 1892 1466 1943 deprehendere.

126 1957 200 1996 Ille
220 1955 382 2006 epistola
410 1955 588 2005 perlecta,
609 1955 694 2005 plus
722 1955 1005 2006 indignationis,
1025 1957 1139 2005 quam
1167 1955 1318 2006 pavoris
1346 1961 1466 1994 osten-

128 2021 207 2058 dit:
237 2019 491 2069 projeetisquc
526 2018 726 2056 ¹⁰amiculo
755 2023 793 2056 ct
822 2018 963 2056 litteris
995 2024 1083 2056 ante
1117 2018 1281 2056 lectum:
1312 2019 1467 2068 “Rex‚'¹

128 2083 263 2134 inquit,
286 2083 308 2099 ¹¹
322 2085 342 2102 “
355 2095 499 2131 semper
509 2081 661 2132 quidem
680 2081 838 2131 spiritus
852 2094 956 2119 1110113
970 2094 1017 2118 ex
1032 2085 1069 2118 te
1081 2081 1274 2131 pependit,
1290 2082 1356 2120 sed
1371 2095 1466 2121 nuno

129 2147 215 2184 vere
236 2145 283 2183 ab
302 2144 376 2182 isto
397 2158 500 2182 sacro
521 2150 558 2182 ct
576 2144 785 2182 venerabili
813 2157 876 2182 ore
906 2143 1078 2182 trahitur.
1137 2144 1290 2183 Crimen
1312 2146 1336 2162 ¹²
1352 2146 1455 2195 parri

129 2208 232 2256 oidii,
262 2207 363 2259 quod
394 2207 487 2245 1111111
518 2208 705 2257 objectum
727 2212 795 2255 est,
825 2212 891 2245 tua
920 2207 1020 2245 salus
1051 2207 1181 2245 diluet.
1239 2208 1420 2246 Servatus
1447 2222 1471 2247 a.

129 2285 187 2309 1110
206 2271 325 2309 vitam
355 2270 447 2307 mihi
478 2270 639 2308 dederis
699 2269 790 2317 Oro,
810 2283 1019 2321 quaesoquc,
1041 2270 1179 2307 omisso
1206 2275 1321 2318 metu,
1340 2277 1471 2322 patere

129 2334 446 2372 medicamentum
475 2333 620 2383 concipi
641 2333 759 2373 venis.
827 2333 934 2370 Laxa
953 2333 1145 2383 paulisper
1164 2333 1341 2383 animum,
1361 2340 1471 2385 quem

131 2397 388 2435 sollicitudIne
408 2396 674 2446 intempestiva
695 2395 803 2433 amici
823 2396 913 2432 sani·
933 2395 1070 2444 fideles,
1085 2395 1150 2433 sed
1170 2395 1326 2433 moleste
1346 2395 1469 2434 seduli

134 2460 324 2499 turbant.”
395 2459 481 2499 Non
502 2472 668 2498 securum
698 2458 809 2497 modo
829 2458 908 2497 haee
928 2471 1011 2507 vox,
1031 2458 1095 2496 3011
1115 2458 1229 2497 etiam
1248 2458 1376 2498 laetum
1396 2458 1470 2498 Re-
