1583 2680
113 153 184 189 192
569 165 752 198 Quum-1
794 166 978 192 cun-1³11

108 255 296 294 ducerent.
353 257 432 296 Sed
447 257 603 296 fortuna
620 258 753 309 ipsius,
774 258 966 311 simulque
994 258 1227 310 epulantium
1247 261 1270 278 ¹⁰
1281 260 1436 299 comitas

106 319 283 368 provexit
321 332 450 358 omnes
486 320 536 358 ad
572 320 720 373 largius
751 321 892 360 vinum.
962 322 1062 360 Ludi
1095 323 1210 361 etiam
1237 323 1450 362 convivales

107 385 306 420 extraxere
325 386 495 433 tempus:
523 396 621 421 nunc
640 383 741 422 laetis
759 385 979 435 conjuratis,
998 386 1103 436 quod
1122 386 1285 436 sopitum
1304 399 1452 437 aggres-

107 445 187 483 suri
207 449 357 483 essent:
385 459 486 484 nunc
506 447 680 485 sollicitis
710 460 758 485 ne
788 447 828 485 in
854 448 978 486 lucem
996 449 1210 487 convivium
1238 449 1452 487 extrahere-

106 513 180 547 tur.
239 508 389 559 Quippe
417 509 512 547 alios
545 510 585 547 in
616 510 822 548 stationem
849 511 1048 562 oportebat
1074 512 1200 562 prima
1219 512 1302 550 luce
1329 513 1452 550 succe-

107 571 208 619 dere,
236 571 404 622 ipsorum
431 577 517 622 post
548 577 692 624 septem
724 573 806 612 dies
835 574 1012 612 reditura
1039 575 1131 614 viee.
1189 574 1272 613 Nec
1301 587 1453 625 sperare

106 639 297 685 poterant,
317 635 358 672 in
374 635 472 673 illud
485 640 635 687 tempus
649 637 820 675 omnibus
839 637 1064 676 duraturam
1081 638 1203 676 fidem.
1247 637 1452 685 Caeterum,

107 699 196 735 cum
224 699 305 748 jam
336 698 405 736 lux
436 704 645 749 appeteret,
674 705 714 737 et
751 700 965 739 convivium
994 700 1167 748 solvitur,
1196 704 1235 738 et
1267 700 1454 749 conjurati

108 766 335 811 exceperunt
372 761 518 813 Regem
555 762 637 800 laeti
675 763 907 801 occasionem
949 763 1161 815 exequendi
1199 762 1354 801 sceleris
1392 763 1455 800 ad·

107 829 266 873 motam3
296 827 380 862 eum
398 825 535 862 mulier
555 826 578 843 ¹¹
594 825 782 874 attonitae,
800 830 844 864 ut
863 826 1050 864 creditum
1068 831 1137 875 est,
1163 826 1314 875 mentis,
1334 827 1358 845 ²²
1372 839 1455 864 con-

106 887 249 924 versari
278 887 318 924 in
345 887 454 938 regia
485 887 608 937 solita,
628 888 718 939 quia
738 889 761 907 ¹³
776 889 960 928 instinctu
977 890 1177 928 videbatur
1204 890 1336 928 futura
1361 903 1456 941 prae-

107 950 243 999 dicere,
263 963 340 988 non
372 951 538 989 occurrit
565 952 678 990 modo
706 952 875 1002 abeunti,
908 952 976 991 sed
1007 953 1123 991 etiam
1156 958 1276 991 semet
1303 953 1456 1004 objecit,

107 1013 288 1064 vultuque
307 1018 346 1052 et
365 1014 483 1052 oculis
501 1020 648 1053 motum
672 1016 877 1066 praeferens
908 1016 1037 1065 animi,
1056 1021 1102 1054 ut
1130 1017 1272 1055 rediret
1304 1017 1346 1054 in
1372 1029 1455 1054 con-

107 1077 252 1114 vivium
270 1077 444 1127 monuit3
476 1082 514 1115 et
533 1078 597 1116 ille
615 1092 683 1129 per
700 1079 847 1128 ludum,
866 1071 969 1118 bene>
993 1080 1097 1118 Deos
1115 1080 1285 1128 suadere,
1304 1091 1455 1130 respon-

107 1139 188 1178 dit:
207 1141 469 1192 revocatisque
482 1142 625 1191 amicis,
645 1142 685 1180 in
698 1142 830 1181 horam
850 1143 927 1180 diei
943 1143 1061 1181 ferme
1078 1142 1280 1181 secundam
1295 1142 1455 1181 convivii

107 1207 258 1253 tempus
277 1204 456 1243 extrahit.
1168 1243 1176 1249 ,

188 1269 249 1304 23.
280 1266 373 1304 Jam
402 1267 470 1304 alii
503 1280 551 1305 ex
580 1266 735 1305 cohorte
763 1267 803 1305 in
831 1267 1036 1306 stationem
1067 1272 1340 1317 successerant,
1369 1273 1456 1306 ante

107 1328 274 1367 cubiculi
302 1330 404 1367 fores
437 1330 670 1368 excubaturi.
739 1330 880 1368 Adhuc
908 1336 1036 1369 tamen
1072 1332 1260 1381 conjurati
1292 1331 1455 1379 stabant,

106 1392 189 1430 vice
228 1392 339 1429 officii
377 1392 436 1430 sui
465 1392 646 1443 expleta:
676 1392 782 1431 *adeo
813 1394 991 1444 pertinax
1024 1399 1082 1432 est
1114 1407 1211 1444 spes,
1244 1407 1357 1445 quam
1387 1393 1455 1432 hu-

107 1468 230 1493 manae
262 1459 410 1493 mentes
441 1455 629 1494 foverunt.
699 1456 787 1494 Rex
838 1456 1041 1506 benignius
1077 1458 1195 1508 quam
1238 1457 1336 1495 alias
1364 1456 1454 1494 allo-

108 1523 228 1566 cutus,
274 1518 468 1556 discedere
511 1531 575 1556 eos
619 1517 669 1556 ad
726 1519 893 1557 curanda
938 1531 1106 1570 corpora,
1154 1519 1331 1570 quoniam
1371 1521 1457 1557 tota

107 1586 212 1618 noete
241 1581 513 1631 perstitissent,
551 1581 690 1631 jubet:
733 1581 823 1619 data
859 1586 950 1619 sunt
985 1582 1149 1634 singulis
1185 1582 1458 1634 quinquaginta

107 1644 305 1682 sestertia:
345 1644 575 1682 collaudatis
606 1657 754 1696 quoque
785 1645 889 1696 quod
921 1645 1039 1683 etiam
1071 1646 1159 1684 aliis
1186 1645 1332 1684 tradita
1359 1645 1455 1693 vice,

108 1712 232 1745 tamen
251 1707 436 1746 excubare
455 1710 775 1758 perseverassent.
831 1708 901 1747 Illi
919 1712 1028 1746 tanta
1048 1722 1114 1760 spe
1129 1709 1306 1747 destituti
1325 1708 1456 1747 domos

107 1771 249 1810 abeunt
265 1784 273 1809 :
304 1776 343 1809 et
360 1771 490 1810 eaeteri
508 1771 663 1822 quidem
692 1771 963 1822 exspectabant
991 1772 1168 1810 stationis
1188 1785 1266 1810 suae
1282 1776 1453 1821 noctem3

109 1835 327 1884 Epimenes,
349 1835 428 1874 sive
459 1835 641 1872 comitate
670 1835 803 1886 Regis,
822 1838 899 1886 qua
921 1836 945 1853 ¹⁴
960 1835 1085 1885 ipsum
1113 1835 1213 1873 inter
1241 1836 1456 1885 conjuratos

109 1903 320 1948 exceperat,
353 1898 511 1948 repente
545 1902 740 1947 mutatus;
772 1897 852 1936 sive
882 1897 971 1949 quia.
1002 1898 1137 1948 coeptis
1166 1897 1267 1936 Deos
1304 1898 1455 1937 obstare

109 1961 298 2010 credebat,
320 1961 433 2000 fratri
454 1973 523 1999 suo
543 1960 776 2011 Eurylocho,
796 1973 908 2012 quem
927 1966 1039 1998 antea
1058 1966 1252 2012 expertem
1271 1974 1352 2000 esse
1371 1974 1456 2000 con-

109 2024 188 2062 silii
207 2025 392 2073 voluerat,
419 2023 512 2076 quid
541 2029 753 2074 pararetur,
774 2024 905 2075 aperit.
966 2024 1158 2063 Omnibus
1177 2024 1344 2064 Philotae
1371 2038 1454 2076 sup-

109 2087 267 2137 plicium
288 2088 327 2124 in
347 2088 468 2126 oculis
498 2092 589 2126 erat.
646 2087 784 2138 Itaque
812 2087 984 2138 protinus
1013 2087 1138 2137 injicit
1157 2088 1270 2127 fratri
1289 2101 1455 2137 manum,

109 2156 148 2188 et
178 2151 216 2187 in
249 2151 391 2201 regiam
422 2152 617 2201 pervenit:
657 2150 909 2201 excitatisque
942 2151 1166 2189 custodibus
1198 2152 1377 2202 corporis,
1407 2151 1457 2190 ad

110 2213 271 2251 salutem
301 2214 421 2264 Regis
454 2213 654 2263 pertinere,
685 2226 770 2264 qua>
802 2214 965 2262 afferret,
999 2215 1169 2253 affirmat.
1227 2215 1281 2253 Et
1309 2220 1457 2265 tempus

108 2290 182 2328 quo
218 2282 410 2325 venerant,
449 2282 488 2313 ct
519 2276 650 2314 vultus
686 2276 786 2313 haud
827 2279 915 2314 sane
950 2278 1071 2315 securi
1109 2278 1227 2315 animi
1254 2277 1382 2326 index,
1419 2283 1458 2315 et

109 2341 290 2379 moestitia
321 2353 342 2378 e
375 2340 521 2377 duobus
551 2340 728 2381 alterius,
752 2340 1002 2379 l'tolmuaeum
1031 2354 1074 2379 ac
1105 2340 1327 2389 Leonatum,
1347 2353 1456 2378 exeu-

109 2403 244 2442 bantes
262 2402 310 2441 ad
329 2403 493 2441 cubiculi
511 2402 637 2450 limen,
653 2403 927 2442 excitaverunt.
984 2404 1119 2455 Itaque
1138 2403 1282 2454 apertis
1299 2403 1444 2442 foribus

111 2472 150 2504 et
187 2466 328 2505 lumine
364 2465 483 2512 illato,
515 2466 679 2516 sopitum
717 2479 822 2504 mero
852 2479 894 2504 ac
926 2479 1055 2505 somno
1092 2466 1264 2505 excitant
1299 2466 1454 2518 Regem.
