1583 2680
151 109 222 146 108
539 91 549 104 x
611 121 803 151 Qurxrr
840 122 1028 148 cun'rn

143 217 386 261 momentum,
407 213 568 263 pavidos
600 213 641 251 in
660 215 790 265 fugam
809 214 959 253 avertit.
1017 208 1166 252 Bessus
1184 215 1273 254 vero
1294 219 1333 253 et
1360 219 1490 254 eaeten

143 277 324 315 facinoris
357 279 442 327 ejus
474 278 692 328 participes,
713 278 932 316 vehiculum
965 277 1076 315 Darii
1096 279 1274 327 assecuti,
1295 284 1490 329 coeperunt

143 340 290 378 hortari
311 354 408 388 eum,
435 342 456 360 “
470 341 742 378 conscenderet
762 354 912 391 equum,
935 345 974 378 et
993 354 1032 379 se
1051 341 1156 378 hosti
1175 342 1268 392 fuga
1288 342 1490 392 eriperet.''

145 404 220 442 Ille
253 403 356 441 Deos
387 403 533 441 ultores
567 404 699 441 adesse
730 409 908 452 testatur,
939 409 978 441 et
1006 404 1223 442 Alexandri
1252 405 1393 443 ⁷fidem
1425 406 1477 442 im
1511 429 1514 431 Δ

143 467 308 517 plorans,
343 472 457 517 negat
488 479 527 504 se
558 467 771 516 parricidas
801 467 902 505 velle
937 467 1124 505 eomitarI.
1185 468 1284 505 Tum
1312 471 1404 507 verb
1432 469 1492 507 ira

145 543 293 581 quoque
312 530 473 578 accensi,
495 529 572 567 tela
591 530 770 579 injiciunt
790 530 829 567 in
850 530 1008 581 Regem,
1037 530 1247 581 multisque
1275 532 1491 569 confossum

143 593 367 631 vulneribus
398 592 632 643 relinquunt.
691 593 721 630 J
724 597 881 630 umenta
911 606 1073 644 quoque,
1101 607 1149 631 ne
1180 594 1335 644 longius
1368 607 1492 645 prose-

144 657 210 707 qui
229 661 398 707 possent,
419 656 718 705 convulnerant3
750 656 900 695 duobus
932 657 1065 705 servis,
1087 657 1152 708 qui
1173 657 1321 707 Regem
1341 658 1492 695 comita-

144 721 285 758 bantur
305 720 451 758 occisis.

225 785 285 820 36.
317 783 405 820 Hoc
451 781 555 819 edito
600 782 780 830 facinore,
817 786 862 819 ut
901 782 1066 833 vestigia
1111 783 1213 832 fugae
1259 789 1493 833 spargerent,

147 846 393 884 Nabarzanes
414 845 664 894 Hyrcaniam,
686 844 831 882 Bessus
854 845 1010 893 Bactra,
1040 846 1171 896 paucis
1191 847 1364 897 equitum
1384 847 1495 884 comi-

147 909 329 958 tantibuS,
347 908 538 959 petebant.
597 908 764 946 Barbari
795 908 958 947 ducibus
989 908 1182 957 destituti,
1211 910 1288 960 qua
1307 923 1495 961 quemque

146 977 213 1008 aut
244 984 330 1021 spes
362 970 539 1019 ducebat,
567 975 635 1008 aut
664 984 793 1022 pavor,
815 971 1112 1022 dissipabantur.
1172 971 1383 1024 Quingenti
1415 978 1494 1010 tan-

148 1035 232 1071 tum
252 1034 399 1085 equites
419 1038 749 1084 congregaverant
769 1047 821 1081 se,
842 1034 982 1072 incerti
1002 1034 1138 1082 adhuc,
1158 1035 1340 1073 resistere
1359 1036 1495 1074 melius

147 1102 258 1146 esset,
280 1111 328 1135 an
345 1097 489 1148 fugere.
547 1097 783 1145 Alexander,
803 1097 974 1136 hostium
1002 1097 1259 1148 trepidatione
1287 1102 1495 1150 comperta,

150 1161 380 1199 Nicanorem
411 1174 497 1198 cum
526 1161 699 1212 equitum
728 1165 837 1211 parte
868 1161 918 1198 ad
958 1161 1206 1200 inhibendam
1238 1163 1371 1213 fugam
1402 1176 1498 1213 prae-

148 1224 276 1261 mittit.
334 1223 425 1274 Ipse
455 1236 542 1261 cum
571 1224 721 1261 cacteris
752 1224 948 1275 sequitur:
977 1224 1053 1261 tria
1084 1225 1204 1262 ferme
1235 1225 1496 1263 millia’resis-

149 1287 314 1325 tentium
334 1287 457 1324 occisa
477 1291 591 1324 sunt:
620 1287 809 1338 reliquum
829 1301 964 1338 agmen
983 1301 1087 1326 more
1106 1288 1296 1339 pecudum
1311 1289 1496 1326 intactum

148 1350 343 1400 agebatur,
373 1349 534 1399 jubente
572 1349 692 1400 Rege,
731 1355 776 1387 ut
814 1350 985 1388 caedibus
1024 1351 1296 1389 abstineretur.
1373 1351 1497 1389 Nemo

149 1412 386 1462 captivorum
425 1416 518 1459 erat,
558 1412 625 1464 qui
669 1417 884 1450 monstrare
933 1412 1046 1450 Darii
1082 1413 1299 1451 vehiculum
1341 1419 1496 1465 posset:

149 1475 302 1526 singuli,
335 1480 380 1512 ut
413 1488 574 1526 quaeque
606 1475 900 1526 prehenderant,
934 1475 1231 1514 scrutabantur:
1273 1489 1343 1514 nec
1371 1481 1498 1514 tamen

148 1539 272 1577 ullum
290 1539 498 1589 vestigium
517 1539 622 1589 fugae
650 1538 772 1589 Regis
801 1539 988 1578 exstabat.
1046 1538 1312 1578 Festinantem
1331 1540 1500 1578 Alexan-

149 1603 261 1640 drum
298 1603 364 1640 vix
401 1602 478 1639 tria
514 1601 637 1639 millia
674 1603 847 1654 equitum
883 1607 1086 1653 persecuta
1118 1608 1218 1641 sunt..
1277 1604 1335 1641 At
1366 1603 1407 1641 in
1434 1616 1498 1641 eos

149 1667 215 1718 qui
235 1666 382 1703 lentius
403 1665 661 1717 sequebantur
681 1666 904 1705 incidebant
931 1667 1112 1705 universa
1130 1667 1362 1718 fugientium
1381 1667 1496 1718 agmi-

148 1744 206 1768 na.
266 1729 348 1768 Vix
379 1729 560 1768 credibile
587 1729 707 1778 dictu,
727 1729 858 1780 plures
890 1730 1046 1780 captivi,
1075 1731 1193 1781 quam
1221 1730 1289 1781 qui
1320 1735 1500 1780 caperent

151 1798 283 1831 crant:
315 1793 438 1831 ⁸adeo
473 1805 622 1830 omnem
653 1805 808 1830 sensum
838 1793 986 1830 territis
1018 1793 1173 1830 fortuna
1191 1793 1349 1843 penitus
1368 1806 1499 1831 excus-

152 1861 266 1904 serat,
297 1860 342 1893 ut
381 1868 451 1893 nee
488 1854 658 1893 hostium
688 1855 932 1905 paucitatem,
972 1867 1042 1892 nec
1072 1855 1361 1893 multitudinem
1391 1868 1497 1893 suam

152 1919 246 1957 satis
279 1923 485 1956 cernerent.
562 1917 728 1956 Interim
761 1919 937 1967 jumenta
973 1931 1060 1968 qua}
1093 1917 1255 1955 Darium
1296 1918 1498 1966 vehebant,

151 1982 256 2020 nullo
290 1987 457 2032 regente,
491 1981 735 2019 decesserant
764 1980 924 2018 militari
954 1981 1029 2028 via,
1062 1985 1101 2018 et
1129 1994 1258 2018 errore
1286 1981 1414 2019 delata
1432 1995 1500 2032 per

152 2050 317 2096 quatuor
349 2044 485 2092 stadia,
507 2044 545 2081 in
576 2043 742 2095 quadam
762 2043 861 2082 valle
892 2044 1155 2091 constiterant,
1180 2049 1280 2082 aestu
1310 2044 1500 2095 simulque

153 2107 376 2146 vulneribus
406 2107 578 2158 fatigata.
638 2106 759 2145 Haud
789 2107 923 2157 procul
954 2112 1037 2144 erat
1063 2107 1160 2155 sons,
1182 2107 1230 2144 ad
1258 2120 1372 2159 quem
1400 2120 1500 2145 111011-

155 2175 316 2209 stratum
348 2184 370 2207 a
389 2171 523 2220 peritis
545 2171 792 2221 Polystratus
815 2170 976 2208 Macedo
997 2170 1060 2207 siti
1080 2176 1295 2208 maceratus
1326 2170 1498 2208 accessit.

157 2236 217 2273 Ae
237 2235 331 2272 (111111
350 2234 462 2284 galea.
482 2234 660 2271 haustam
690 2247 826 2284 aquam
857 2234 998 2281 sorbet,
1021 2234 1097 2271 tela
1121 2235 1383 2284 jumentorum
1417 2233 1502 2271 deti-

160 2298 343 2336 cientium
372 2297 595 2348 corporibus
626 2297 741 2334 infixa
771 2297 979 2346 conspexit.
1052 2297 1295 2348 Miratusque
1332 2297 1504 2334 confossa

160 2362 304 2413 potius,
324 2362 441 2412 quam
461 2361 595 2399 abacta
615 2374 710 2408 esse,
730 2361 742 2377 ⁹
758 2360 932 2398 semivivi

952 2422 1109 2466 [hominis
1132 2434 1262 2466 corpus,
1280 2424 1354 2455 cnm
1370 2420 1507 2465 propius

161 2478 361 2517 accessisset,
379 2478 413 2510 in
441 2477 575 2511 sordi-,lo
591 2476 746 2509 vehiculo
763 2476 906 2520 pellibus
933 2482 1084 2509 contecto
1108 2476 1209 2509 situm
1234 2475 1377 2519 reperit:
1403 2483 1506 2519 atquo
