1583 2680
483 187 646 212 Llnssn
685 187 908 212 1X.CA1'.
953 187 1008 213 11.
1341 178 1416 215 219

74 291 156 317 esse
175 279 455 330 Aggrammem,
475 278 615 330 viginti
643 279 813 318 millibus
844 279 1022 331 equitum,
1043 278 1287 331 ducentisque
1315 281 1416 331 pedi-

75 353 156 379 tum
175 341 409 380 obsidentem
434 341 526 380 vias.
583 342 649 380 Ad
680 342 762 381 haee
793 343 1062 394 quadrigarum
1093 342 1168 380 duo
1195 343 1317 380 millia
1343 348 1414 381 tra-

71 404 172 453 here,
191 409 231 442 et
260 405 493 455 praecipuum
524 409 707 443 terrorem
742 405 974 456 elephantos,
993 418 1088 457 quos
1117 406 1237 443 trium
1255 406 1414 444 millium

70 479 270 506 numerum
299 468 452 518 explere
482 467 641 506 dicebat.
698 468 948 507 Incredibilia
976 468 1058 521 regi
1086 469 1212 508 omnia
1237 469 1414 508 videban-

69 535 143 569 tur.
200 531 330 583 Igitur
360 532 504 570 Porum
537 531 639 580 (nam
669 544 756 569 cum
787 545 830 570 eo
859 534 955 584 erat)
974 536 1230 583 percontatur,
1251 546 1299 571 an
1326 546 1414 572 vera

68 599 207 643 essent,
243 608 327 645 quae
363 594 584 633 dicerentur.
642 595 717 633 Ille
754 595 855 634 vires
890 595 1047 647 quidem
1077 596 1203 648 gentis
1235 601 1273 634 et
1307 597 1414 649 regui

66 655 168 694 haud
199 657 298 695 falso
325 657 463 707 jactari
495 657 679 707 affirmat3
710 661 886 697 caeterum
905 659 970 710 qui
997 663 1174 711 regnaret
1199 672 1275 698 non
1301 660 1413 698 modo

67 720 271 771 ignobilem
289 733 382 769 esse,
403 720 470 758 sed
502 720 618 758 etiam
650 721 798 760 ultimae
825 722 961 760 sortis:
989 722 1128 773 quippe
1160 727 1306 773 patrem
1334 725 1413 773 ejus

67 788 255 821 tonsorem
291 784 358 822 vix
394 783 530 821 diurno
566 789 716 835 quaestu
752 785 1037 835 propulsantem
1072 786 1222 835 famem,
1260 792 1413 838 propter

65 846 238 884 habitum
267 846 370 884 haud
399 847 616 884 indecorum
648 847 778 885 ¹cordi
805 847 924 886 fuisse
953 847 1124 900 Reginae.
1180 849 1270 887 ²Ab
1302 853 1348 887 ea.
1374 849 1414 887 in

65 909 278 960 propiorem
308 911 400 960 ejus,
420 910 485 961 qui
516 915 596 947 tum
625 912 833 961 regnasset,
855 911 1034 949 amieitiae
1061 911 1185 949 locum
1204 912 1412 961 admotum,

65 972 265 1011 interfecto
302 986 346 1011 eo
379 987 445 1024 per
477 973 649 1022 iusidias,
685 974 755 1012 sub
793 974 917 1024 speeie
954 975 1084 1013 tuteloe
1116 975 1294 1025 liberum,
1330 977 1413 1026 ejus

66 1035 251 1074 invasisse
286 1049 456 1087 regnum,
484 1036 702 1087 necatisque
741 1037 882 1087 pueris,
910 1037 1010 1075 hunc
1045 1037 1111 1088 qui
1146 1051 1245 1076 nunc
1280 1043 1413 1091 regnat

63 1100 278 1151 generasse,
301 1098 474 1138 invisum
492 1099 683 1150 vilemque
712 1099 970 1150 popularibus,
990 1101 1112 1152 magis
1143 1106 1311 1151 paternae
1338 1102 1412 1140 for-

66 1166 170 1200 tunae
188 1162 306 1213 quam
334 1174 414 1200 suae
442 1174 654 1200 memorem.
722 1161 936 1200 Affirmatio
956 1162 1049 1200 Pori
1066 1163 1316 1214 multiplicem
1336 1165 1412 1202 ani-

65 1237 127 1263 mo
169 1224 290 1277 Regis
325 1225 513 1275 injecerat
545 1237 698 1262 euram:
743 1225 893 1263 hostem
928 1225 1151 1277 belluasque
1198 1227 1410 1276 spernebat,

65 1288 182 1326 situm
214 1288 381 1326 locorum
410 1293 449 1326 et
478 1287 558 1327 vim
593 1287 790 1326 fluminum
820 1288 1100 1328 extimescebat.
1179 1289 1412 1342 ³Relegatos

65 1351 106 1389 in
136 1351 314 1390 ultimum
345 1353 442 1402 pene
475 1365 602 1390 rerum
634 1351 884 1390 humanarum
915 1352 1120 1391 terminum
1157 1354 1345 1406 persequi,
1374 1360 1410 1392 et

65 1428 206 1464 eruere,
227 1416 387 1454 arduum
405 1415 618 1454 videbatur.
676 1416 826 1454 Rursus
853 1416 1018 1454 avaritia
1038 1416 1181 1468 gloriae,
1202 1421 1240 1455 et
1257 1417 1411 1455 insatia-

63 1478 153 1517 bilis
176 1478 312 1529 cupido
329 1479 454 1528 famae,
473 1478 570 1516 nihil
599 1479 756 1527 invium,
776 1471 872 1517 nihil
899 1485 1088 1518 remotum
1106 1480 1232 1519 videri
1250 1481 1409 1520 sinebat.

66 1542 122 1580 Et
139 1542 332 1579 interdum
351 1541 562 1589 dubitabat,
582 1555 631 1578 an
652 1541 880 1579 Macedones
906 1547 966 1579 tot
993 1544 1135 1581 emensi
1154 1544 1277 1594 spatia
1293 1549 1411 1582 terra-

64 1618 160 1653 rum,
179 1605 218 1642 in
238 1605 328 1653 acie,
349 1609 387 1642 et
416 1604 455 1642 in
473 1604 609 1642 castris
641 1617 749 1642 senes
767 1605 872 1653 faeti,
892 1617 961 1655 per
987 1605 1135 1655 objecta
1161 1607 1325 1655 fiumina,
1345 1620 1412 1658 per

65 1673 124 1706 tot
142 1672 292 1707 naturae
311 1667 506 1706 obstantes
527 1666 767 1705 difficultates
795 1667 961 1705 secuturi
988 1673 1124 1706 essent.
1181 1669 1411 1708 ⁴Abundan-

66 1737 123 1769 tes
142 1736 369 1782 onustosque
389 1730 532 1782 praedzi,
557 1731 678 1782 magis
696 1733 809 1780 parta
827 1730 904 1768 frui
923 1730 1033 1779 velle,
1052 1732 1165 1782 quam
1184 1732 1411 1783 acquirenda

63 1794 230 1846 fatigari.
307 1792 396 1832 Non
434 1793 560 1831 ‘idem
598 1793 683 1842 sibi,
729 1797 768 1831 et
810 1793 998 1831 militibus
1043 1793 1159 1833 animi
1195 1808 1287 1833 esse.
1362 1795 1411 1835 Se

65 1858 185 1896 totius
217 1857 320 1896 orbis
357 1856 556 1907 imperium
587 1861 713 1894 mente
746 1856 993 1907 complexum,
1026 1857 1149 1895 adhuc
1180 1858 1219 1895 in
1258 1872 1411 1909 operum

65 1933 223 1959 suorum
251 1920 455 1972 primordio
476 1925 587 1959 stare.
646 1919 815 1957 Militem
844 1919 972 1958 labore
1001 1920 1266 1972 defatigatum,
1286 1922 1411 1972 proxi-

65 1998 168 2022 mum
186 1997 371 2035 quemque
389 1984 567 2032 fructum,
587 1982 693 2020 finito
713 1983 865 2021 tandem
882 1982 1063 2035 periculo,
1084 1990 1270 2034 expetore.

146 2049 180 2085 6.
211 2046 321 2084 Vicit
350 2048 436 2098 ergo
470 2046 606 2096 cupido
638 2045 832 2093 rationem,
862 2049 901 2082 et
932 2045 981 2082 ad
1013 2046 1231 2085 concionem
1264 2048 1411 2086 voeatis

66 2109 262 2157 militibus,
283 2109 331 2146 ad
362 2109 462 2147 hune
491 2109 654 2146 maxime
682 2107 838 2145 modum
867 2107 1057 2147 disseruit.
1121 2109 1247 2148 “Non
1267 2111 1411 2162 ignoro,

66 2172 220 2220 milites,
239 2171 372 2220 multa,
391 2185 476 2223 quae
506 2176 649 2209 terrere
668 2183 735 2208 vos
767 2175 932 2220 possent,
953 2171 1001 2209 ab
1027 2171 1165 2210 incolis
1193 2172 1318 2212 Indiae
1345 2188 1413 2225 per

67 2237 134 2273 hos
167 2234 337 2273 dies‘de
369 2234 562 2272 industria¹
582 2247 664 2271 esse
690 2235 846 2283 jactata.
905 2234 981 2273 Sed
1013 2247 1088 2273 non
1118 2240 1177 2273 est
1210 2236 1413 2287 improvisa

67 2299 175 2337 vobis
208 2297 471 2335 mentientium
490 2296 651 2335 vanitas,
709 2297 772 2336 Sic
807 2296 958 2336 Ciliciae
989 2298 1128 2347 fauces,
1159 2299 1213 2337 sie
1241 2299 1413 2350 Mesopo-

67 2361 197 2400 tamiae
225 2373 388 2411 campos,
420 2360 566 2411 Tigrim
596 2364 635 2397 et
664 2359 912 2410 Euphratem,
941 2374 1101 2412 quorum
1131 2361 1289 2401 alterum
1319 2363 1413 2400 vado

69 2424 326 2472 transivimus,
348 2424 508 2461 alterum
529 2428 656 2474 ponte,
677 2423 905 2461 ⁷terribilem
923 2425 1091 2462 fecerant
1111 2425 1249 2463 Persae.
1288 2425 1408 2462 ‘Nuu-

68 2490 182 2540 quzim
213 2487 262 2525 ad
294 2487 480 2538 liquidum
513 2487 613 2524 sama
646 2486 874 2537 perducitur.
945 2487 1095 2536 Omnia,
1129 2488 1197 2525 illa
1228 2488 1401 2526 tradente
