1583 2680
464 167 625 193 mann
665 167 733 191 Vl.
775 166 884 192 car.
927 167 969 192 x.
1205 197 1215 208 ⁵
1322 158 1392 195 135

53 261 128 301 hac
144 260 317 312 proxima
335 265 460 309 noete,
480 263 555 311 qua
575 259 765 311 digressus
785 271 868 298 sum
887 271 910 297 a
926 260 1057 297 mensa
1076 261 1144 297 tuat
1163 259 1266 297 feei?
1293 261 1393 311 quod

55 337 195 364 novum
213 323 361 362 facinus
381 323 550 361 delatum
569 323 618 361 ad
644 327 682 361 te
700 322 865 361 mutavit
892 322 1058 360 animum
1084 327 1192 360 tuum
1204 324 1222 361 ?
1276 323 1394 362 Gravi

53 401 186 438 sopore
234 387 526 439 acquiescebam,
563 388 652 424 cum
687 399 746 424 me
783 385 794 404 ⁸
807 385 919 424 malis
964 385 1251 424 indormientem
1286 387 1393 435 meis,

51 451 199 491 ’nimici
216 451 415 490 vinciendo
437 451 665 489 excitarunt.
741 449 855 488 Unde
876 453 915 487 et
931 449 1134 500 parricidae
1151 455 1190 488 ct
1207 451 1395 501 proditori

52 520 131 552 tam
160 514 230 552 alti
257 515 363 565 quies
393 513 545 552 somni?
573 512 770 552 ”scelerati
789 512 1022 551 conscicntia
1039 513 1281 563 obstrepente
1310 516 1395 550 etun

51 577 215 616 dormire
233 590 309 615 non
327 577 488 628 possint,
504 577 652 629 agitant
671 589 738 615 eos
757 576 883 625 furiae,
902 588 977 614 non
997 581 1251 614 consummato
1271 576 1394 624 modi»,

50 641 117 680 sed
136 645 174 679 et
193 641 360 692 cogitato
378 641 591 691 parricidio.
648 640 707 678 At
723 639 818 677 mihi
835 639 1077 678 securitatem
1102 639 1266 689 primum
1295 639 1395 676 iuno-

49 705 172 744 centia
190 717 286 753 mea,
308 704 444 743 deinde
464 704 621 742 dextera
640 708 708 741 tua
726 702 948 742 obtulerant.
1007 701 1096 740 Non
1114 702 1227 740 timui
1244 714 1292 740 ne
1311 701 1397 752 plus
1418 702 1420 704 ’

51 768 184 807 alienae
203 768 419 806 crudelitati
441 767 541 818 apud
561 772 599 804 tc
617 766 760 815 liceret,
779 767 896 817 quam
915 765 1124 804 elementiae
1150 765 1264 804 tuae.”

131 835 153 854 “
170 831 246 871 Sed
263 845 311 869 ne
330 836 368 869 te
387 831 483 869 mihi
503 830 710 868 credidisse
729 829 930 880 poeniteat3
960 842 1021 867 res
1040 829 1089 866 ad
1118 841 1178 866 me
1208 828 1397 867 defereba-

50 900 115 934 tur
133 908 156 933 α
174 908 305 946 puero,
324 895 390 946 qui
408 907 484 932 non
498 899 649 942 testem,
669 905 744 931 non
762 892 901 944 pignus
928 892 1062 930 indicii
1090 891 1266 930 exhibere
1294 895 1398 942 pote-

50 965 122 1008 rat,
145 960 169 977 ¹⁰
183 958 410 1009 impleturus
429 970 558 995 omnes
576 961 692 1005 metu,
714 955 747 993 si
766 956 941 1006 coepisset
955 955 1091 994 audiri.
1147 955 1341 993 Amatoris
1361 959 1400 992 ct

52 1022 168 1061 scorti
194 1021 325 1073 jurgio
356 1020 547 1071 interponi
576 1032 686 1057 aures
717 1031 823 1056 meas
855 1019 1002 1056 credidi
1032 1018 1192 1069 infelix3
1222 1023 1261 1056 et
1288 1017 1399 1056 fidem

51 1087 133 1136 ejus
151 1089 366 1136 suspectam
385 1083 513 1131 habui,
532 1082 635 1134 qued
653 1094 729 1120 non
755 1081 837 1132 ipse
867 1081 1047 1130 deferret,
1069 1082 1134 1119 sed
1162 1082 1318 1119 fratrem
1337 1094 1400 1132 po-

51 1149 134 1187 tins
154 1148 388 1187 subornaret.
445 1146 573 1184 Timui
590 1158 636 1184 ne
663 1148 818 1196 negaret
843 1144 1042 1182 mandasse
1070 1157 1110 1182 se
1140 1144 1334 1193 Cebalino,
1363 1148 1402 1182 ct

53 1225 121 1265 ego
140 1211 291 1251 viderer
309 1211 442 1249 multis
462 1209 668 1248 amicorum
687 1207 809 1260 Regis
828 1207 948 1246 fuisse
966 1207 1126 1259 periculi
1155 1220 1279 1246 eausa.
1338 1208 1402 1247 Sic

51 1289 211 1328 quoque,
243 1276 332 1313 edm
363 1273 528 1313 laeserim
556 1272 756 1321 neminem,
790 1273 814 1290 ¹¹
828 1271 965 1320 inveni,
997 1271 1062 1323 qui
1091 1271 1250 1309 mallent
1277 1271 1402 1322 perire

52 1351 124 1388 me,
143 1340 257 1391 quam
277 1337 503 1375 incolumem
521 1347 615 1374 esse.
673 1334 777 1380 Quid
796 1334 1085 1372 inimicitiarum
1099 1334 1253 1372 creditis
1273 1346 1403 1384 excep-

55 1409 183 1441 turum
200 1402 333 1450 fuisse,
355 1401 379 1419 ¹²
393 1401 426 1439 si
445 1401 614 1438 insontes
643 1398 912 1437 lacessisscm‘?
993 1399 1018 1416 ¹³
1033 1399 1091 1436 At
1110 1398 1211 1436 enim
1231 1397 1404 1449 Dymnus

55 1478 96 1503 sc
114 1465 261 1503 occidit.
320 1463 425 1501 Num
444 1463 560 1514 igitur
577 1463 768 1500 facturum
789 1474 875 1499 eum
894 1461 1068 1499 divinare
1095 1460 1235 1512 potui?
1291 1460 1404 1499 Mini-

55 1529 128 1566 me.
185 1527 251 1565 Ita
269 1525 370 1577 quod
390 1525 512 1563 solum
530 1524 667 1562 indicio
685 1523 795 1561 fidem
812 1524 916 1572 fecit,
932 1524 973 1561 id
991 1536 1062 1571 me,
1078 1525 1167 1561 edm
1181 1537 1204 1561 a
1220 1522 1404 1563 Cebalino

57 1589 321 1641 interpellatus
350 1597 445 1636 sum,
465 1599 615 1626 movere
633 1599 708 1624 non
726 1590 887 1636 poterat.
915 1625 917 1627 ,
962 1586 1020 1624 At
1051 1586 1206 1624 hercule
1226 1586 1259 1624 si
1281 1586 1303 1604 ¹⁴
1322 1598 1405 1623 con-

59 1653 159 1691 scius
178 1652 329 1703 Dymno
348 1651 447 1689 tanti
465 1650 615 1688 sceleris
634 1649 805 1697 fuissem,
825 1648 942 1687 biduo
961 1649 1029 1687 illo
1048 1648 1219 1699 proditos
1237 1661 1319 1686 esse
1337 1661 1406 1686 nos

59 1715 300 1755 dissimulare
319 1728 394 1753 non
414 1714 540 1753 debui.
599 1712 806 1752 Cebalinus
825 1711 905 1762 ipsc
926 1713 951 1730 ¹⁵
967 1711 1053 1750 tolli
1073 1711 1118 1750 de
1145 1711 1270 1750 medio
1288 1711 1406 1749 nullo-

59 1793 130 1832 que
147 1779 298 1831 ncgotio
316 1778 452 1829 potuit.
509 1777 695 1828 Denique,
714 1779 802 1826 post
821 1775 989 1813 delatum
1016 1774 1199 1812 indicium
1218 1788 1292 1825 quo
1310 1774 1407 1825 peri-

60 1849 168 1882 turus
187 1855 302 1891 eram,
321 1840 536 1880 cubiculum
555 1839 676 1891 Regis
708 1838 809 1876 solus
840 1837 990 1886 intravi,
1010 1838 1110 1876 ferro
1137 1837 1289 1889 quidem
1308 1837 1406 1875 cinc-

61 1912 133 1946 tus.
194 1905 275 1945 cur
307 1904 444 1943 distuli
475 1902 657 1941 facinus?
710 1901 776 1940 An
795 1902 877 1939 sine
897 1901 1046 1952 Dymno
1065 1913 1140 1939 non
1160 1914 1243 1939 sum
1262 1913 1375 1938 ausus
1390 1901 1408 1938 ‘?

61 1970 137 2008 Ille
155 1969 274 2021 igitur
291 1967 466 2019 princeps
485 1965 755 2017 conjurationis
773 1965 873 2003 fuit:
902 1965 974 2003 sub
993 1964 1096 2003 illius
1123 1964 1258 2003 umbra
1278 1964 1407 2003 Philo-

62 2038 122 2070 tas
139 2031 316 2080 latebam,
334 2031 400 2082 qui
418 2043 576 2082 regnum
596 2029 848 2067 Macedonum
867 2029 1012 2066 affecto.
1097 2027 1240 2079 Ecquis
1260 2041 1280 2066 c
1299 2027 1408 2066 vobis

64 2098 264 2145 corruptus
283 2099 341 2132 est
359 2093 467 2132 donis
482 2093 500 2131 ’.Ρ
526 2105 638 2144 quem
658 2091 814 2140 Ducem,
829 2103 941 2142 quem
957 2091 1187 2130 Praefectum
1202 2090 1356 2142 impensi
1365 2091 1409 2127 tis

66 2157 167 2196 colui
183 2157 200 2195 ⁴?
217 2157 238 2177 '’

147 2223 169 2242 “
185 2219 284 2258 Mihi
302 2219 456 2271 quidem
485 2219 676 2269 objicitur,
706 2217 807 2270 qued
838 2217 1059 2256 societatem
1087 2217 1202 2269 patrii
1231 2216 1410 2255 sermonis

66 2295 266 2335 asperner3
295 2281 399 2334 qued
417 2281 668 2320 Macedonum
686 2294 808 2319 mores
827 2280 1032 2320 fastidiam.
1117 2281 1140 2299 ¹⁶
1155 2281 1219 2320 Sic
1237 2281 1326 2330 ergo
1347 2279 1411 2315 im-

66 2347 184 2399 perio,
203 2346 303 2399 quod
323 2345 519 2396 dedignor,
539 2344 717 2383 imminco
733 2344 750 2382 ⁸?
804 2344 896 2382 Jam
915 2344 1064 2395 pridem
1082 2344 1235 2382 nativus
1255 2343 1320 2379 ille
1340 2354 1412 2378 ser-

67 2425 129 2450 mo
147 2409 371 2449 commercio
390 2408 549 2446 aliarum
565 2407 736 2458 gentium
751 2407 918 2445 exolevit
935 2419 942 2445 :
973 2411 1050 2445 tam
1065 2406 1282 2452 victoribus,
1298 2405 1412 2455 quaim

70 2474 196 2522 victis,
217 2472 415 2525 peregrina
434 2471 564 2522 lingua
582 2469 761 2508 discenda
779 2475 845 2510 est.
906 2469 993 2507 Non
1020 2467 1232 2506 mehercule
1252 2467 1325 2504 ista
1355 2479 1414 2504 me
