1583 2680
156 129 228 166 106
617 140 801 173 QUiNTI
844 131 1025 165 cn‘nru

150 233 286 270 deinde
319 233 395 281 alii,
416 233 665 285 laceratisque
696 233 879 280 vestibus,
910 232 1064 284 lugubri
1092 236 1131 269 et
1159 231 1319 270 barbaro
1339 229 1492 268 ululatu

150 296 298 346 Regem
318 296 523 346 deplorare*
538 302 744 348 coeperunt.

229 362 288 397 33.
320 359 463 408 Persae,
480 360 528 397 ad
543 360 631 398 illos
648 360 809 397 clamore
825 358 985 410 perlate,
1003 358 1159 396 attoniti
1174 362 1292 406 metu,
1310 370 1378 395 nec
1393 370 1499 394 arma

150 436 295 472 capere,
316 436 363 460 ne
394 423 434 460 in
464 423 693 461 Bactrianos
724 422 950 470 inciderent,
970 435 1039 459 nce
1068 421 1263 472 quiescere
1292 420 1497 467 audebant,

149 500 197 524 ne
218 486 374 536 ¹⁵impie
412 486 587 524 deserere
621 486 770 537 Regem
789 485 1023 524 viderentur.
1081 484 1227 522 Varius
1257 496 1299 520 ac
1320 483 1499 520 dissonus

150 550 291 587 clamor
324 549 404 587 sine
439 549 547 597 duee,
569 562 611 586 ac
645 549 726 587 sine
757 548 930 599 imperio,
958 548 1053 586 totis
1084 547 1220 584 castris
1249 545 1497 584 referebatur.

152 613 275 650 Besso
296 617 335 650 et
367 612 587 651 Nabarzani
617 612 894 650 nunciaverant
917 611 989 659 sui,
1011 611 1161 662 Regem
1181 624 1202 648 a
1223 609 1427 659 semetipso
1447 608 1499 645 in-

151 681 384 726 teremptum
422 688 515 713 esse.
573 675 760 713 Planctus
798 687 862 712 eos
901 674 1114 724 deceperat.
1190 673 1330 724 Itaque
1369 671 1500 709 citatis

151 740 258 790 equis
289 739 481 786 advolant,
503 738 755 789 sequentibus
785 751 880 784 quos
900 737 949 774 ad
979 736 1236 774 ministerium
1265 734 1420 772 sceleris
1440 735 1501 772 de-

150 802 347 852 legerant:
395 806 434 838 et
471 801 561 837 cum
598 800 889 838 tabernaculum
925 800 1147 847 intrassent,
1188 797 1316 849 ¹⁵quia
1352 797 1501 848 Regem

153 865 279 902 vivere
300 864 487 914 spadones
507 863 739 911 indicabant,
762 862 1045 913 comprehendi,
1059 861 1272 912 vincirique
1288 863 1499 911 jusserunt.

151 928 240 966 Rex
273 941 388 964 curru
417 927 531 977 paulo
551 927 640 964 ante
661 931 806 975 vectus,
828 931 866 964 et
898 926 1068 964 Deerum
1088 926 1115 943 ¹⁷
1131 939 1153 963 a
1182 925 1263 963 suis
1291 923 1501 962 honoribus

150 992 288 1039 cultus,
311 991 335 1009 ¹⁸
349 991 457 1028 nulla
478 991 637 1028 externa
653 1003 722 1040 ope
739 990 906 1038 admota,
929 989 1104 1039 captivus
1121 1001 1316 1027 servorum
1335 1000 1501 1037 suorum,

151 1056 189 1092 in
211 1055 409 1093 sordidum
428 1054 648 1093 vehiculum
666 1053 833 1103 pellibus
852 1053 1022 1104 undique
1041 1056 1258 1090 contectum
1277 1050 1498 1101 imponitur.

154 1119 323 1156 Pecunia
343 1117 465 1168 Regis
485 1122 525 1155 et
552 1117 737 1167 supellex,
759 1116 868 1167 quasi
899 1117 987 1165 jure
1007 1115 1112 1163 belli,
1129 1115 1329 1164 diripitur:
1360 1114 1499 1151 onusti-

151 1196 224 1233 que
244 1181 375 1232 praeda
395 1194 463 1231 per
483 1180 607 1218 scelus
627 1179 806 1217 ultimum
827 1181 951 1230 parta,
971 1179 1104 1230 fugam
1123 1178 1338 1215 intendunt.
1387 1177 1501 1214 Arta-

151 1246 266 1284 bazus
301 1258 387 1282 cum
420 1245 479 1294 iis,
510 1243 578 1295 qui
610 1243 772 1293 imperio
802 1242 1000 1293 parebant,
1040 1242 1263 1292 Graecisque
1300 1240 1502 1290 militibus,

152 1309 406 1348 Parthienem
438 1308 614 1358 petebat,
663 1307 790 1345 omnia
826 1306 972 1343 tutiora
1007 1305 1288 1356 parricidarum
1325 1304 1502 1342 contuitu

151 1378 270 1411 ratus.
330 1372 463 1410 Persae
496 1371 693 1422 prpmissis
727 1370 840 1407 Bessi
878 1370 1037 1416 onerati,
1069 1369 1234 1406 maxime
1269 1368 1360 1419 quia
1391 1380 1501 1405 nemo

151 1437 248 1475 alius
269 1441 351 1474 erat
371 1449 484 1486 quem
503 1439 765 1486 sequerentur,
787 1434 1022 1483 conjunxere
1043 1446 1082 1470 se
1103 1432 1343 1480 Bactrianis,
1366 1444 1501 1482 agmen

152 1513 283 1538 eorum
306 1500 421 1536 tertio
443 1498 609 1536 assecuti
640 1497 712 1534 die.
771 1497 832 1534 Ne
853 1503 981 1533 tamen
1013 1495 1130 1533 honos
1151 1495 1254 1546 Regi
1281 1508 1358 1532 non
1391 1494 1500 1532 habe-

150 1568 267 1611 retur,
288 1562 413 1600 aureis
432 1561 676 1611 compedibus
697 1559 859 1597 Darium
885 1558 1068 1607 vinciunt,
1097 1570 1195 1596 nova
1222 1557 1391 1596 ludibria
1418 1557 1502 1595 sub-

153 1625 241 1663 inde
271 1625 510 1675 excogitante
548 1623 715 1661 fortuna.
781 1621 835 1660 Et
869 1634 916 1659 ne
951 1621 1052 1659 forte
1091 1620 1198 1658 cultu
1235 1620 1340 1672 regio
1376 1625 1504 1670 posset

151 1689 313 1741 agnosci,
329 1688 493 1726 sordidis
504 1687 672 1738 pellibus
685 1685 903 1725 vehiculum
918 1685 1144 1723 intexerant.
1184 1683 1317 1735 Ignoti
1331 1685 1504 1733 jumenta.

151 1753 327 1803 agebant,
347 1765 393 1789 ne
412 1750 752 1802 percunctantibus
772 1749 812 1786 in
831 1749 979 1800 agmine
998 1747 1204 1785 monstrari
1222 1752 1360 1797 posset.
1410 1745 1503 1785 Cus-

153 1817 260 1854 todes
278 1815 410 1866 procul
429 1813 690 1865 sequebantur.

233 1879 356 1917 XIII.
388 1880 447 1916 34.
478 1876 713 1924 Alexander,
736 1874 893 1912 ¹audito
927 1874 1088 1911 Darium
1116 1873 1278 1911 movisse
1307 1873 1354 1911 ab
1383 1873 1504 1912 Ecba-

155 1943 265 1990 tanis,
287 1942 424 1981 omisso
445 1941 579 1978 itincre
599 1939 700 1991 quod
719 1939 875 1989 patebat
895 1938 933 1975 in
962 1937 1144 1985 Mediam,
1164 1937 1378 1988 fugientem
1407 1938 1502 1975 inse-

151 2006 215 2057 qui
236 2006 359 2056 pergit
378 2006 542 2043 strenue.
596 2003 729 2041 ‘Tabas
749 2001 929 2052 oppidum
945 2007 1003 2038 cst
1023 2001 1061 2038 iu
1081 2001 1328 2039 Paraetaecne
1342 2001 1503 2039 ultima:

152 2071 225 2120 quo
247 2070 311 2105 ubi
330 2069 512 2118 pervenit,
533 2067 586 2105 ibi
607 2066 814 2117 transfuga}
832 2065 1022 2113 nunciant,
1042 2064 1276 2115 praecipitcm
1295 2065 1388 2116 fuga
1408 2063 1502 2102 Bac-

154 2140 213 2171 tra
232 2138 362 2182 petere
383 2132 551 2169 Darium.
611 2129 786 2170 Certiora
805 2128 942 2166 deinde
964 2129 1158 2179 cognoscit
1186 2142 1234 2166 ex
1262 2128 1505 2180 Bagysthane

154 2196 391 2247 Babylonio;
436 2199 456 2215 “
474 2208 549 2231 non
580 2193 752 2245 equidem
782 2192 953 2230 vinctum
984 2193 1140 2244 Regem,
1174 2191 1239 2229 scd
1270 2192 1308 2229 in
1335 2191 1505 2242 periculo

155 2273 234 2297 esse
255 2265 321 2296 aut
355 2258 500 2306 mortis,
522 2263 588 2295 aut
616 2257 889 2295 vinculorum.”
973 2256 1070 2303 Rex,
1090 2256 1250 2293 ducibus
1279 2255 1505 2304 convocatis,

155 2326 177 2344 ‘⁴
199 2322 450 2367 Maxi11111111,‘’
473 2321 609 2371 inquit,
640 2325 661 2341 ‘⁵
679 2332 784 2370 opus,
806 2319 872 2356 scd
904 2320 1011 2357 labor
1041 2319 1288 2357 brevissimus
1321 2324 1504 2369 superest,

155 2386 296 2424 Durius
316 2385 415 2422 haud
432 2384 575 2435 procul,
597 2384 806 2421 destitutus
835 2397 852 2419 a
885 2384 973 2423 suis,
996 2389 1058 2420 aut
1081 2383 1240 2429 vinc-tus,
1262 2388 1329 2420 aut
1357 2395 1505 2432 oppres-

156 2463 232 2496 ως,
251 2456 318 2487 est.
382 2449 425 2486 [ιι
448 2448 513 2486 illo
533 2461 688 2498 corpore
708 2447 829 2497 posita
852 2454 905 2483 ost
930 2447 1085 2484 victoria
1107 2452 1248 2494 nostra,
1265 2452 1300 2484 ct
1319 2451 1424 2483 tanta
1445 2458 1505 2483 res
