1583 2680
543 169 706 195 nrm-:R
753 169 795 194 x.
838 169 951 194 car.
991 167 1062 194 V1.
1390 159 1465 196 257

121 263 323 315 laudisque
342 267 389 301 ut
405 265 513 314 justo
528 264 652 312 major
672 261 824 312 cupido,
854 261 910 299 ita
928 265 974 299 ut
990 259 1125 312 juveni
1145 265 1184 298 et
1212 261 1251 298 in
1271 261 1390 299 tantis
1406 262 1466 300 ad-

120 326 310 365 mittenda
329 326 466 375 rebus;
492 327 573 376 jam
587 325 711 376 pietas
731 338 821 376 erga
838 329 1028 376 parentes,
1048 337 1212 376 quorum
1236 323 1469 376 Olympiada

121 390 404 429 immortalitati
418 402 641 428 consecrare
655 389 887 437 decreverat,
903 388 1130 439 Philippum
1141 387 1250 426 ultus
1264 393 1368 437 erat3
1387 391 1467 438 jam

123 455 163 492 in
183 467 312 492 omnes
340 441 431 492 fere*
455 453 597 491 amicos
626 452 855 504 benignitas,
885 465 977 504 erga
1003 452 1145 490 milites
1175 452 1465 501 benevolentia3

123 517 364 556 ¹'consilium
383 530 453 568 par
479 516 742 568 magnitudini
770 516 911 565 animi;
944 520 984 554 et
1009 521 1196 567 quantum
1224 516 1291 553 vix
1319 521 1469 566 poterat

122 587 217 619 aetas
237 582 321 631 ejus
340 593 487 631 capere,
509 580 692 629 solertia;
722 579 859 617 modus
879 579 1170 617 immodicarum
1189 579 1467 630 cupiditatum;

124 644 146 661 ¹⁸
160 643 326 683 Veneris
345 644 449 682 intra
467 643 644 681 naturale
664 642 901 681 desiderium
913 655 1018 691 usus,
1033 655 1101 681 nec
1115 642 1208 691 ulla,
1227 642 1306 680 nisi
1327 656 1374 680 ex
1388 655 1468 693 per-

123 708 240 746 misso
268 707 472 758 voluptas3
504 708 529 725 ¹⁹
542 707 717 758 ingentes
745 707 918 757 profecto
946 706 1057 744 dotes
1084 711 1204 744 erant.
1262 707 1289 724 ²⁰
1302 706 1380 745 Illa
1397 706 1471 744 for-

124 777 250 809 tunae:
281 771 368 809 Diis
387 783 538 822 aequare
559 783 611 818 se,
633 775 672 808 et
689 769 866 808 coelestes
885 770 1048 808 honores
1075 783 1282 820 accersere,
1309 775 1349 808 et
1378 769 1469 807 talia

124 833 375 872 suadentibus
394 833 558 871 oraculis
573 833 749 882 eredere;
780 838 819 871 et
833 833 1129 885 dedignantibus
1141 833 1318 872 venerari
1333 833 1458 883 ipsum

123 897 406 946 vehementius,
437 898 555 948 quam
580 911 649 948 par
681 901 794 944 esset,
829 896 964 935 irasci:
993 897 1033 934 in
1063 901 1266 935 externum
1297 897 1469 935 habitum

124 966 274 999 mutare
293 961 462 1012 eorporis
491 961 659 998 cultum:
688 960 834 998 imitari
862 960 1101 998 devictarum
1128 961 1302 1011 gentium
1334 972 1472 1008 moreS‚

123 1037 219 1076 quos
237 1029 325 1062 ante
343 1024 543 1062 victoriam
563 1029 769 1074 spreverat.
828 1023 930 1061 Nam
945 1023 1181 1062 iracundiam
1201 1029 1240 1062 et
1254 1023 1472 1075 cupidinem

123 1088 215 1136 vini,
236 1087 352 1125 sicuti
366 1089 529 1137 juventa
546 1087 777 1134 irritaverat,
798 1086 855 1124 ita
875 1091 1052 1125 senectus
1070 1087 1250 1138 mitigare
1270 1087 1471 1138 potuisset.

129 1150 347 1189 Fatendum
366 1155 427 1189 est
445 1155 587 1199 tamen,
607 1151 698 1188 cum
715 1150 741 1168 ²¹
755 1149 964 1200 plurimum
993 1150 1130 1188 virtuti
1161 1151 1354 1198 debuerit,
1387 1150 1474 1201 plus

126 1214 304 1253 debuisse
323 1214 500 1263 fortunae,
521 1227 636 1265 quam
655 1213 761 1252 solus
777 1213 948 1251 omnium
967 1213 1190 1251 mortalium
1218 1214 1256 1251 in
1281 1219 1474 1264 potestate

126 1277 274 1316 habuit.
332 1277 494 1324 Quoties
513 1277 625 1315 illum
645 1290 667 1314 a
685 1281 809 1314 morte
828 1276 1055 1315 revocavit?
1082 1277 1234 1328 quoties
1262 1278 1406 1315 temere
1435 1277 1475 1314 in

125 1342 298 1393 pericula
322 1347 476 1380 vectum
502 1343 691 1392 perpetua
717 1340 904 1379 felicitate
933 1341 1132 1392 protexit?
1191 1340 1299 1379 Vitae
1324 1354 1475 1393 quoque

125 1405 240 1444 finem
258 1405 435 1444 eumdem
453 1405 524 1454 illi,
543 1418 657 1456 quem
674 1404 820 1455 gloriae,
841 1405 994 1442 statuit.
1052 1403 1080 1422 ²²
1095 1404 1361 1455 Expectavere
1389 1418 1474 1442 eum

126 1468 217 1516 fata,
238 1468 331 1506 dum
352 1467 514 1508 Oriente
533 1468 759 1519 perdomito,
779 1467 960 1519 aditoque
984 1467 1151 1517 Oceano,
1172 1468 1360 1520 quidquid
1379 1482 1476 1506 mor-

129 1531 261 1568 talitas
279 1531 465 1581 capiebat,
481 1531 671 1581 impleret.
702 1531 808 1568 Huic
822 1530 924 1581 Regi
935 1530 1111 1582 Ducique
1126 1544 1319 1569 successor
1333 1545 1475 1583 quaere-

128 1595 251 1633 batur.
311 1593 390 1632 Sed
407 1595 531 1643 major
550 1593 707 1631 ”moles
727 1598 820 1641 erat,
834 1595 954 1644 quarn
964 1599 1010 1631 ut
1028 1607 1128 1632 unus
1148 1595 1278 1633 subire
1297 1608 1379 1632 eam
1394 1608 1476 1645 pos-

129 1663 198 1696 set.
256 1657 395 1709 Itaque
412 1669 551 1696 nomen
569 1657 721 1708 quoque
741 1658 838 1707 ejus,
859 1661 898 1694 ct
916 1657 1019 1694 fama
1037 1670 1177 1705 rerum,
1194 1657 1234 1694 in
1254 1662 1378 1696 totum
1393 1671 1474 1708 pro-

128 1721 332 1772 pemodum
352 1720 483 1758 orbem
503 1720 633 1771 Reges
662 1732 705 1757 ac
724 1732 842 1770 regna
869 1719 1046 1757 diffudit:
1078 1719 1358 1772 clarissimique
1387 1726 1478 1758 sunt

130 1784 265 1832 habiti,
284 1784 388 1836 '‘qui
407 1784 524 1822 etiam
539 1783 709 1822 minimae
727 1783 831 1834 parti
850 1788 968 1821 tantae
988 1784 1155 1822 fortunae
1174 1784 1430 1823 adhaeserunt.

211 1847 290 1886 VI.
327 1849 383 1886 16.
417 1847 611 1886 Caeterum
640 1847 841 1898 Babylone
872 1847 978 1896 (inde
1012 1847 1115 1885 enim
1144 1848 1304 1886 divertit
1336 1848 1477 1900 oratio)

130 1912 301 1963 corporis
319 1913 405 1962 ejus
425 1911 616 1959 custodes,
637 1911 678 1949 in
690 1911 832 1962 regiam
845 1911 1038 1962 principes
1051 1911 1270 1960 amicorum,
1288 1912 1479 1964 ducesque

131 1977 328 2026 copiarum
356 1975 615 2013 advocavere:
645 1980 776 2012 secuta
803 1979 862 2012 est
889 1974 1058 2012 militum
1087 1975 1212 2023 turba,
1242 1975 1478 2026 cupientium

132 2039 243 2086 seire,
282 2038 326 2076 in
351 2051 465 2090 quem
504 2037 721 2076 Alexandri
749 2037 904 2076 fortuna
931 2042 1034 2076 esset
1066 2038 1287 2076 transitura.
1359 2038 1480 2077 Multi

132 2101 262 2149 duces,
274 2101 493 2152 frequentia
507 2101 675 2139 militum
688 2100 847 2149 exclusi,
862 2100 1008 2151 regiam
1024 2101 1167 2139 intrare
1185 2114 1260 2139 non
1275 2105 1454 2153 poterant
1469 2115 1478 2151 ;

132 2165 222 2202 esim
241 2176 378 2215 praeco,
399 2164 592 2214 ¹exceptis
610 2164 676 2215 qui
703 2163 930 2201 nominatim
948 2163 1172 2214 citarentur,
1201 2164 1308 2203 adire
1329 2165 1481 2217 prohib-

137 2233 230 2266 eret.
289 2227 369 2266 Sed
399 2227 411 2244 ²
425 2227 642 2278 precarium
673 2227 923 2278 spernebatur
950 2227 1164 2279 imperium.
1223 2229 1283 2267 Ac
1312 2229 1482 2280 primum

135 2291 301 2342 ejulatus
322 2291 459 2342 ingens
475 2290 726 2342 ploratusque
744 2295 948 2329 renovatus
968 2297 1038 2330 est.
1096 2291 1247 2330 Deinde
1269 2293 1393 2331 futuri
1423 2306 1482 2331 ex·

134 2354 302 2406 pectatio
324 2353 500 2392 inhibitis
528 2353 709 2404 lacrymis
736 2353 934 2392 silentium
964 2355 1066 2393 fecit.
1126 2356 1234 2394 Tunc
1263 2356 1483 2406 Perdiccas,

135 2418 243 2470 regia
263 2417 359 2455 sella
378 2417 418 2454 in
437 2422 681 2468 conspectum
700 2417 808 2468 vulgi
827 2417 932 2466 data,
952 2418 991 2456 in
1009 2421 1086 2470 quai
1102 2418 1278 2457 diadema
1292 2419 1484 2470 vestisque

142 2480 355 2520 Alexandri
375 2493 461 2519 cum
481 2481 596 2518 armis
616 2486 737 2529 erant,
766 2481 962 2530 annulum,
992 2482 1067 2520 sibi
1094 2482 1218 2534 pridie
1251 2482 1436 2520 traditum
1465 2495 1484 2519 a
