1583 2680
105 166 184 202 222
571 174 754 206 QUINTI
791 173 975 200 cunrn

101 268 190 305 ante
227 267 309 306 vidi
347 266 667 315 contendentium,
705 266 771 317 qui
815 266 1056 316 potissimum
1091 264 1281 304 vulnerati
1326 265 1446 318 Regis

100 344 237 382 eorpus
271 330 518 381 exciperent?
585 329 781 378 Desertus,
816 330 1023 367 destitutus
1053 342 1149 377 sum,
1181 329 1356 369 hostibus
1385 330 1445 367 de-

100 394 213 433 ditus,
271 394 348 433 Sed
367 394 469 432 solus
488 406 636 445 quoquc
656 393 710 430 ire
729 392 985 443 perseverabo.
1045 391 1215 442 Objieite
1233 405 1294 430 me
1325 392 1445 430 flumi-

98 457 211 495 nibus
244 462 286 506 et
317 456 464 504 belluiS,
498 460 537 494 et
565 455 644 494 illis
676 455 868 506 gentibus,
896 468 1056 506 quarum
1086 455 1240 493 nomina
1268 455 1443 493 horretis.

99 519 297 558 Inveniam
333 519 400 570 qui
438 519 632 557 desertum
668 532 690 556 a
722 518 830 557 vobis
867 523 1083 569 sequantur.
1159 517 1314 568 Scythae
1350 517 1444 555 Bac-

99 583 284 634 trianique
315 587 425 621 erunt
452 596 609 631 mecum,
637 582 766 620 hostes
795 581 912 632 paulo
933 582 1035 630 ante,
1063 594 1162 619 nune
1189 581 1331 619 milites
1361 594 1444 618 nos-

99 646 159 683 tri.
243 645 346 694 Mori
390 650 558 696 praestat,
605 646 630 663 ²³
651 646 766 696 quam
811 645 982 695 precario
1029 645 1306 694 Imperatorem
1351 657 1442 681 esse.

98 709 158 746 Ite
187 709 343 747 reduces
362 709 504 757 domos,
525 709 579 746 ite
594 708 741 746 deserto
761 708 868 759 Rege
888 712 1054 746 ovantes.
1111 707 1197 758 Ego
1215 707 1278 744 hic
1297 719 1319 744 a
1337 707 1445 746 vobis

98 771 306 820 ‹lesperatae
324 770 507 818 victoriae,
529 774 595 808 aut
614 770 784 809 honestae
802 770 919 808 morti
937 769 1062 807 locum
1080 768 1305 807 inveniam)⁷

175 833 257 871 III.
288 837 322 872 8.
353 833 414 871 Ne
440 834 494 872 sic
518 833 671 884 quidem
701 833 774 870 ulli
804 833 971 870 militum
1002 845 1078 871 vox
1110 832 1272 882 exprimi
1303 832 1443 883 potuit.

98 896 383 946 Exspectabant
400 900 445 934 ut
464 896 578 934 duces
595 897 856 947 principesque
876 896 925 934 ad
958 896 1104 947 Regem
1120 895 1345 946 perferrent,
1365 895 1445 934 vul-

96 959 250 998 neribus
281 964 320 997 et
349 959 528 997 continuo
557 959 689 998 labore
718 959 867 998 militiae
898 947 1079 1010 fatigatos
1109 960 1208 996 111011
1236 958 1446 996 detrectare

97 1022 237 1071 munia,
259 1023 324 1061 sed
353 1023 541 1061 sustinere
569 1036 645 1060 non
674 1035 793 1073 posse.
852 1021 1047 1061 Caeterum
1073 1022 1133 1059 illi
1160 1025 1266 1059 metu
1287 1021 1446 1059 attoniti

97 1085 137 1122 in
158 1091 298 1124 terram
317 1100 381 1124 ora
401 1086 619 1124 defixerant.
676 1086 805 1137 Igitur
830 1085 956 1136 11111110
976 1086 988 1103 ²
1001 1085 1179 1124 fremitus
1207 1087 1277 1123 sua
1297 1088 1444 1135 sponte,

97 1149 235 1186 deinde
280 1150 449 1200 gemitus
487 1162 637 1200 quoque
673 1150 806 1197 oritur,
843 1149 1103 1199 paulatimque
1139 1147 1301 1186 liberius
1338 1147 1445 1185 dolor

97 1213 108 1229 ³
123 1212 218 1263 erigi
237 1213 363 1262 eoepit,
377 1213 624 1251 manantibus
653 1212 841 1263 lacrymis,
862 1212 954 1249 adeo
973 1216 1018 1250 ut
1045 1211 1142 1259 Rex,
1163 1211 1222 1249 ira
1242 1211 1282 1249 111
1299 1210 1444 1248 miseri-

97 1275 264 1313 cordiam
284 1278 407 1323 versa,
427 1288 474 1313 ne
494 1275 574 1325 ipse
593 1275 758 1325 quidem,
777 1276 995 1326 quanquam
1022 1279 1188 1324 cuperet,
1209 1275 1220 1291 ⁴
1234 1279 1444 1324 temperare

98 1338 218 1375 oculis
251 1338 430 1388 potuerit.
500 1337 668 1376 Tandem
700 1338 880 1376 universa.
909 1338 1087 1375 concione
1119 1337 1284 1375 effusius
1320 1338 1443 1385 flente,

99 1397 239 1439 Coenus
258 1413 374 1438 ausus
393 1405 462 1449 est,
483 1400 750 1440 cunctantibus
780 1400 941 1450 eaeteris,
960 1401 1115 1451 propius
1145 1400 1314 1438 tribunal
1342 1412 1443 1437 acee-

97 1463 197 1512 dere,
227 1463 442 1515 significans
473 1476 513 1501 se
542 1463 648 1513 loqui
675 1463 782 1502 velle.
840 1462 964 1508 Quem
993 1468 1038 1501 ut
1055 1463 1185 1502 videre
1212 1463 1354 1500 milites
1383 1462 1443 1500 dc-

98 1526 312 1563 trahcntem
340 1526 486 1576 galeam
518 1525 646 1575 capiti,
678 1525 748 1575 (ita
779 1526 880 1563 enim
908 1525 1055 1577 Regem
1082 1526 1225 1577 alloqui
1261 1538 1342 1563 mos
1370 1527 1442 1575 est)

96 1589 244 1626 hortari
264 1592 468 1638 coeperunt,
489 1592 533 1625 ut
552 1601 704 1625 eausam
723 1588 916 1626 exereitus
935 1593 1073 1640 ageret.

177 1652 274 1689 Tum
295 1651 448 1700 Coenus,
481 1650 584 1688 “Dii
611 1651 876 1701 p1·ohibeant,’'
910 1651 1044 1703 inquit,
1075 1654 1135 1689 “a
1153 1651 1262 1691 nobis
1282 1651 1444 1702 ὃ1111111113

95 1719 254 1763 mentes,
286 1719 325 1752 et
355 1715 525 1766 profecto
555 1714 768 1765 prohibent.
826 1714 962 1753 ‘'Idem
998 1715 1145 1753 animus
1178 1720 1236 1753 est
1272 1715 1350 1753 tuis
1376 1715 1443 1766 qui

95 1778 171 1815 fuit
201 1791 359 1829 semper,
392 1777 450 1815 ire
483 1779 557 1829 quo
584 1777 758 1827 jusseris,
790 1791 970 1829 pugnare,
999 1778 1220 1828 periclitari,
1257 1778 1442 1828 sanguine

96 1849 223 1882 nostro
256 1843 519 1881 commendare
555 1842 774 1892 posteritati
811 1847 920 1879 tuum
955 1855 1101 1880 nomen.
1171 1842 1365 1880 ⁷Proinde
1408 1843 1440 1880 si

96 1920 327 1957 perseveras,
346 1907 507 1944 inermes
537 1918 692 1957 quoquc,
725 1910 763 1942 et
792 1905 895 1952 nudi,
920 1909 958 1942 et
985 1918 1204 1956 exsangues
1237 1910 1441 1956 utcumque

96 1971 169 2009 tibi
188 1970 293 2008 cordi
325 1975 394 2018 est,
424 1969 630 2021 sequimur,
651 1968 711 2006 vel
741 1967 1006 2005 antecedimus.
1065 1968 1140 2006 Sed
1172 1968 1204 2005 si
1233 1968 1364 2006 audire
1383 1969 1441 2007 vis

96 2046 169 2070 non
201 2034 308 2071 fictas
340 2038 490 2071 tuorum
522 2032 688 2070 militum
718 2043 838 2078 voceS,
878 2033 1008 2069 verum
1041 2031 1264 2069 necessitate
1300 2032 1439 2069 ultima

97 2109 304 2146 expressas,
342 2096 479 2146 praebc,
522 2108 661 2146 quaeso,
698 2093 881 2144 propitias
928 2107 1037 2131 aures
1088 2094 1290 2144 imperium
1328 2099 1440 2146 atque

97 2158 305 2208 auspicium
332 2163 439 2195 tuum
469 2157 774 2196 constantissime
805 2157 956 2205 secutis,
977 2162 1015 2194 et
1043 2158 1276 2209 quecumque
1303 2158 1440 2210 pergis,

97 2221 321 2259 seeuturis.”

178 2287 199 2305 “
216 2283 368 2331 vicisti,
390 2284 487 2331 Rex,
507 2283 768 2334 magnitudine
801 2297 926 2320 rerum
958 2297 1032 2321 11011
1062 2283 1189 2321 hostes
1208 2284 1332 2333 modu,
1352 2284 1440 2322 ‘sed

97 2348 214 2386 etiam
234 2347 384 2385 milites.
445 2346 642 2398 Quidquid
675 2347 884 2384 mortalitas
904 2349 915 2364 ²*
930 2360 1062 2397 capere
1092 2352 1251 2397 poterat,
1272 2348 1440 2398 implevi-

100 2423 190 2449 mus.
250 2411 424 2449 Emensis
458 2410 577 2447 maria
613 2415 819 2461 terrasque,
853 2410 992 2447 nwlius
1021 2410 1143 2458 nobis,
1163 2411 1277 2461 quum
1309 2410 1440 2449 incolis

98 2475 225 2512 omnia
245 2480 333 2512 nota
354 2479 451 2512 suut.
510 2474 613 2511 Pon(-
648 2474 685 2510 in
715 2474 850 2511 ultimo
870 2473 1000 2511 mundi
1022 2475 1090 2512 fine
1111 2474 1347 2512 consistimus
1365 2487 1371 2512 :
1404 2474 1439 2511 111
