1583 2680
151 171 224 208 164
613 181 797 213 QUINTI
835 180 1019 206 cuRT11

145 273 274 312 caeteri
288 277 580 326 exspectantur.
638 273 704 311 Ita
734 272 876 312 bellum
909 271 1063 310 vitando
1095 271 1253 322 alemus,
1286 272 1308 289 ¹⁰
1323 275 1362 309 et
1389 271 1490 323 quod

145 337 284 375 inferre
316 350 528 388 possumus,
560 337 728 387 accipere
758 348 945 387 cogemur.
1002 335 1209 374 Manifesta
1245 340 1303 373 est
1339 335 1489 373 consilii

143 401 218 438 mei
250 401 360 440 ratio.
418 401 494 440 Sed
527 413 575 437 an
606 399 829 450 permissuri
861 400 942 439 sint
970 399 1066 437 mihi
1102 399 1331 437 Macedones
1364 399 1490 436 animo

143 463 202 500 uti
233 477 329 513 meo,
363 464 517 513 dubito;
547 463 638 514 quia
670 476 718 500 ex
748 476 821 514 quo
857 463 928 501 hoc
955 463 1093 502 vulnus
1122 462 1260 513 accepi,
1288 475 1363 499 non
1394 474 1490 512 equo

143 532 274 564 vectus
307 541 402 576 sum,
418 540 491 565 non
522 526 686 577 pedibus
716 526 920 578 ingressus
977 525 1053 565 Sed
1080 525 1198 563 si-me
1227 525 1334 576 sequi
1361 524 1490 573 vultis,

143 590 263 639 valeo,
297 591 420 628 amici.
490 590 592 629 Satis
624 589 766 629 virium
797 594 855 628 est
886 589 936 627 ad
965 589 1161 627 toleranda
1187 589 1274 626 ista.
1344 589 1429 626 Aut
1458 589 1490 626 si

151 654 231 702 jam
264 653 374 691 adest
402 653 494 692 vitae
522 667 617 692 meae
648 653 745 702 finis,
773 653 813 690 in
839 666 912 704 quo
940 653 1094 690 tandem
1122 665 1233 703 opere
1260 652 1401 690 melius
1429 665 1490 689 ex-

145 717 365 767 tinguar‘?⁷’

225 781 284 817 30.
315 779 411 817 Haec
443 782 581 830 quassa
613 779 738 816 adhuc
768 791 858 816 voce
902 778 1186 826 ⁷subdeficiens,
1215 778 1282 816 vix
1307 779 1492 829 proximis

143 842 449 890 exaudientibus,
470 841 642 880 dixerat:
673 843 761 878 cum
794 854 922 879 omncs
956 855 979 879 a
1009 846 1089 879 tam
1120 841 1305 892 praecipiti
1333 843 1492 882 consilio

144 904 291 955 Regem
327 904 519 942 deterrere
556 909 757 955 coeperunt.
832 905 1020 956 Erigyius
1064 905 1244 954 maxime,
1281 906 1347 957 qui
1391 906 1493 944 haud

144 968 234 1004 sane
274 968 502 1005 auctoritate
538 968 736 1018 proficiens
770 968 871 1018 apud
907 969 1140 1007 obstinatum
1176 968 1355 1018 animum,
1395 969 1492 1007 1‘'su-

142 1030 418 1080 perstitionem,
451 1032 560 1081 cujus
589 1036 724 1082 potens
753 1044 830 1069 non
862 1037 946 1069 erat
974 1031 1074 1080 Rex,
1111 1031 1280 1070 incutere
1315 1033 1491 1081 tentavit,

144 1094 315 1142 dicendo,
336 1094 425 1131 deos
444 1107 592 1145 quoque
624 1095 775 1133 obstare
805 1094 976 1143 consilio,
996 1107 1248 1146 magnumque
1267 1095 1491 1145 periculum,

143 1157 176 1194 si
193 1157 331 1194 flumen
359 1161 562 1195 transIsset
589 1157 749 1195 ostendi.
807 1157 981 1195 Intranti
1010 1157 1175 1209 Erigyio
1203 1157 1492 1196 tabernaculum

143 1219 274 1270 Regis,
305 1219 534 1258 Aristander
562 1224 787 1269 occurrerat,
818 1220 948 1257 tristia
984 1225 1075 1257 exta
1110 1220 1230 1258 fuisse
1268 1221 1491 1272 significans,

143 1283 239 1320 Haec
269 1296 317 1320 cx
345 1287 431 1321 vate
461 1289 653 1334 comperta
684 1283 868 1334 Erigyius
898 1283 1114 1322 nunciabat.
1191 1283 1276 1330 Quo
1314 1285 1490 1333 inhibito,

143 1346 364 1384 Alexander
393 1359 469 1384 non
498 1346 558 1383 ira
591 1346 724 1394 solum,
754 1346 822 1384 sed
853 1346 968 1383 etiam
996 1346 1142 1397 pudore
1171 1348 1360 1397 confusus,
1388 1349 1492 1399 quod

142 1409 376 1458 superstitio,
398 1422 511 1460 quam
541 1409 744 1457 celaverat,
779 1409 1039 1461 detegebatur,
1061 1410 1334 1448 Aristandrum
1362 1412 1491 1450 vocari

149 1472 269 1521 jubet.
341 1471 417 1517 Qui
447 1477 492 1510 ut
527 1472 643 1520 venit,
681 1472 834 1510 intuens
880 1485 979 1521 eum,
1024 1472 1153 1511 “Non
1189 1473 1316 1522 Rex,⁷'
1352 1474 1490 1526 inquit,

144 1538 165 1555 ²‘
182 1535 249 1573 sed
267 1535 439 1586 privatus
459 1534 573 1572 sum?
627 1535 862 1573 Sacrificium
893 1540 937 1573 ut
967 1536 1120 1585 faceres,
1139 1536 1328 1575 mandavi.
1388 1537 1492 1584 Quid

143 1611 187 1635 eo
223 1598 527 1649 portenderetur,
548 1610 617 1636 cur
650 1597 751 1648 apud
783 1598 900 1636 alium
929 1600 1045 1650 quam
1077 1600 1179 1650 apud
1211 1613 1271 1638 me
1299 1601 1491 1652 professus

141 1661 211 1700 es?
267 1661 451 1712 Erigyius
481 1673 618 1698 arcana
647 1674 733 1698 mea
760 1666 799 1698 et
827 1666 984 1710 secret-a,
1014 1668 1053 1700 te
1079 1663 1276 1713 prodente,
1306 1665 1481 1716 cognovit

143 1727 167 1743 ¹⁹
183 1738 293 1777 quem
313 1730 460 1762 certum
478 1725 692 1763 mehercule
722 1724 844 1762 habeo
874 1730 1051 1764 extorum
1070 1726 1278 1777 interprete
1296 1727 1358 1764 uti
1387 1732 1492 1765 metu

141 1801 220 1827 suo.
277 1789 301 1806 ²⁰
318 1788 407 1827 Tibi
441 1793 581 1836 autem,
601 1789 717 1839 quam
746 1793 886 1839 potest,
914 1789 1108 1838 denuncio,
1128 1790 1208 1839 ipse
1233 1789 1327 1827 mihi
1346 1790 1492 1828 indices

140 1850 233 1902 quid
253 1864 299 1889 ex
318 1851 418 1889 extis
438 1851 669 1902 cognoveris,
688 1863 735 1888 ne
762 1851 886 1901 possis
914 1851 1073 1889 infitiari
1102 1852 1257 1900 dixisse,
1276 1866 1361 1903 quae
1390 1853 1490 1892 dixe-

141 1915 232 1953 ris.’'
288 1914 363 1952 Ille
394 1914 598 1965 exsanguis
629 1914 866 1965 attonitoque
903 1914 1039 1951 similis
1077 1915 1214 1964 stabat,
1248 1929 1314 1966 per
1351 1923 1490 1955 nictum

142 1979 259 2016 etiam
290 1991 380 2016 voce
413 1980 627 2028 suppressa.
685 1977 931 2028 Tandemque
960 1978 1092 2015 eodem
1123 1984 1228 2017 metu
1258 1980 1491 2029 stimulante,

140 2055 188 2079 ne
242 2041 362 2093 Regis
409 2040 731 2091 exspectationem
779 2045 1003 2088 moraretur,
1052 2042 1308 2094 Ἤ“Μ11ςῐιί,”
1354 2044 1488 2095 inquit,

143 2107 162 2126 “
178 2104 333 2152 laboris,
363 2117 438 2142 non
470 2104 586 2152 irriti,
606 2103 805 2142 discrimen
838 2104 981 2142 instare
999 2105 1174 2156 prmdixi.
1232 2106 1312 2144 Noc
1331 2120 1391 2145 mc
1410 2121 1492 2146 mea

141 2180 212 2215 ars,
233 2168 257 2184 ²³
271 2169 385 2217 quam
404 2167 675 2216 benevolentia,
695 2167 905 2217 perturbat.
976 2169 1243 2207 Infirmitatem
1262 2169 1491 2209 valetudinis

142 2235 218 2268 tum
246 2230 373 2280 vid003
405 2235 444 2267 et
472 2232 657 2281 quantum
686 2230 725 2267 111
753 2244 828 2268 uno
860 2236 896 2268 te
928 2232 990 2280 sit,
1021 2233 1108 2270 seio.
1168 2232 1314 2271 Vereor
1341 2246 1388 2272 ne
1416 2247 1490 2272 non

140 2293 318 2344 praescnti
339 2294 503 2331 fortunae
523 2298 600 2331 tute
621 2293 786 2331 sufficere
815 2295 972 2344 possis.''
1029 2296 1115 2333 Rex
1139 2297 1289 2346 jussum
1309 2296 1490 2335 confidere

141 2356 317 2394 felicitati
351 2369 429 2394 suoe
462 2356 633 2393 remisit:
667 2356 750 2394 Sibi
782 2358 878 2393 enim
912 2358 987 2395 alia
1015 2359 1062 2395 ad
1099 2359 1260 2410 gloriam
1288 2359 1490 2397 concedere

140 2419 252 2458 Deos
312 2419 558 2458 Consultanti
591 2419 726 2457 deinde»
747 2433 831 2457 eum
869 2421 1016 2469 iisdem,
1037 2435 1197 2472 quonam
1225 2422 1335 2459 inodo
1354 2422 1489 2459 flumen

142 2483 359 2530 transirent,
400 2482 619 2532 supervenit
651 2483 894 2532 Aristander,
915 2498 988 2521 non
1020 2485 1118 2522 alias
1146 2485 1293 2522 loetiora
1321 2490 1408 2521 exta
1437 2484 1484 2522 vi—

889 780 897 796 1
