1583 2680
436 210 596 235 LIBER
635 209 713 234 111.
759 209 868 234 CAr.
913 208 1031 234 VIII.
1362 196 1405 232 if)

66 306 198 353 utpote
230 301 417 350 innoxius,
447 301 497 339 ad
528 301 792 339 Alexandrum
820 313 918 352 saepe
950 299 1096 338 deferre
1126 299 1287 337 tentavit
1303 312 1311 337 :
1341 298 1408 336 sed

65 367 155 403 eum
172 369 231 403 tot
258 365 359 403 curis
382 370 639 416 apparatuque
666 364 758 404 belli
786 364 932 416 Regem
949 363 1096 402 videret
1121 362 1261 414 urgeri,
1280 362 1407 412 aptius

66 428 203 466 deinde
234 433 387 478 tempus
413 433 645 479 exspectans,
675 427 926 478 suspicionem
961 426 1048 464 initi
1078 426 1227 464 scelesti
1260 426 1408 463 consilii

65 491 238 541 praebuit.
297 490 472 543 Namque
492 491 664 541 epistola,
682 491 905 542 priusquam
919 490 955 528 ei
973 489 1206 536 redderetur,
1219 489 1260 526 in
1277 502 1407 526 manus

67 554 280 592 Alexandri
298 559 532 604 pervenerat,
552 553 762 605 lectamque
781 567 863 592 eam
890 552 1011 606 ignoti
1038 553 1168 592 annuli
1196 552 1323 604 sigillo
1344 553 1407 589 im-

66 630 206 668 presso,
241 617 359 656 Sisini
395 617 479 655 dari
511 619 690 667 jusserat,
722 617 771 655 ad
806 615 1069 656 aestimandam
1102 616 1215 654 fidem
1243 616 1406 654 barbari.

67 680 154 729 Qui,
183 681 273 732 quia
303 693 370 731 per
405 680 613 731 complures
650 680 731 718 dies
769 693 844 719 non
872 680 1020 718 adierat
1056 679 1212 731 Regem,
1250 680 1408 717 scelesto

66 743 222 782 consilio
241 756 324 781 eam
338 743 445 781 visus
464 748 522 781 est
537 743 787 794 suppressisse
800 756 808 793 3
840 748 879 782 et
898 743 938 781 in
952 743 1101 795 agmine
1116 756 1139 780 a
1152 742 1407 790 Cretensibus,

67 806 168 844 haud
187 806 300 845 dubie
317 808 428 856 jussu
446 806 577 858 Regis,
596 807 741 844 occisus
760 812 829 845 est.
1431 856 1434 859 Δ

140 869 279 907 .V111.
315 872 371 907 18.
403 869 497 907 Jam
517 869 644 908 Graeei
670 869 825 917 milites,
845 882 940 921 quos
961 869 1181 920 Thymodes
1201 883 1223 906 a
1243 869 1409 907 Pharna-

68 932 160 970 bazo
193 941 400 982 acceperat,
421 932 614 982 praecipua
643 945 741 983 speS‚
762 937 801 970 et
819 932 1094 983 propemodum
1124 933 1247 979 unica,
1268 932 1316 970 ad
1337 932 1408 969 Da-

68 996 167 1032 rium
186 1001 450 1045 pervenerant.
508 995 566 1032 Hi
586 1008 814 1046 magnopere
842 995 1066 1044 suadebant,
1086 1000 1131 1033 ut
1150 1000 1253 1033 retro
1274 996 1408 1043 abiret,

72 1060 77 1075 '
94 1058 354 1108 spatiososque
371 1057 661 1107 Mesopotamiae
677 1070 828 1108 campos
844 1063 1044 1108 repeteret.
1103 1058 1145 1096 Si
1158 1058 1197 1096 id
1210 1059 1409 1096 eonsilium

68 1120 278 1169 damnaret,
299 1125 340 1158 at
358 1119 426 1158 ille
458 1119 648 1158 divideret
678 1120 816 1158 saltem
846 1121 974 1171 copias
1008 1121 1316 1169 innumerabiles,
1336 1135 1410 1159 neu

68 1183 140 1221 sub
158 1196 278 1221 unum
304 1183 468 1221 fortunae
487 1182 607 1220 ictum
640 1187 742 1221 totas
760 1183 862 1221 vires
894 1183 1004 1234 regni
1036 1183 1171 1222 eadere
1203 1189 1408 1234 pateretur.

70 1247 204 1284 Minas
222 1246 292 1284 hoe
311 1245 512 1284 eonsilium
532 1245 643 1296 Regi,
664 1246 781 1297 quam
808 1246 1029 1297 purpuratis
1049 1248 1132 1297 ejus
1161 1247 1408 1298 displicebat:

69 1310 80 1327 ²
96 1312 117 1330 “
128 1309 350 1360 Ancipitem
363 1309 488 1358 fidem,
505 1314 544 1347 et
558 1309 729 1347 mercede
743 1309 915 1348 venalem
930 1309 1185 1361 proditionem
1199 1311 1409 1359 imminere,

68 1378 108 1410 ct
128 1372 249 1411 dividi
279 1385 355 1411 non
385 1372 433 1411 ob
463 1372 570 1411 aliud
603 1373 732 1423 copias
750 1373 860 1422 velle,
880 1375 998 1424 quam
1015 1378 1062 1412 ut
1086 1373 1161 1424 ipsi
1190 1374 1230 1412 in
1261 1374 1411 1412 diversa

68 1435 245 1487 digressi,
261 1435 402 1487 siquid
417 1435 659 1474 commissum
675 1440 775 1474 esset
792 1436 990 1474 traderent
1004 1435 1242 1475 Alexandro.
1299 1438 1411 1476 Nihil

69 1498 191 1536 tutius
210 1499 304 1547 fore,
319 1499 433 1551 quam
452 1498 706 1537 circumdatos
725 1511 789 1537 eos
809 1499 983 1537 exercitu
1002 1504 1085 1537 toto
1101 1500 1212 1538 obrui
1231 1500 1332 1549 telis,
1349 1501 1409 1539 do·

69 1566 288 1599 cumentum
305 1574 383 1599 non
411 1561 549 1599 inultae
578 1561 749 1611 perfidiae
767 1561 959 1599 futuros.''
1014 1562 1073 1600 At
1092 1562 1245 1611 Darius,
1264 1568 1310 1601 ut
1329 1569 1411 1602 erat

70 1628 223 1660 sanetus
235 1628 275 1661 et
286 1623 403 1671 mitis,
417 1626 439 1644 “
451 1636 490 1661 se
498 1624 588 1661 vero
602 1628 751 1661 tantum
763 1624 937 1661 facinus''
949 1629 1066 1675 negat
1077 1627 1099 1646 “
1110 1639 1192 1663 esse
1204 1627 1408 1674 facturum,

70 1691 114 1723 ut
133 1699 240 1724 suam
259 1690 411 1724 secutos
429 1685 554 1733 fidem,
571 1698 659 1723 suos
674 1685 830 1734 milites,
847 1686 984 1736 jubeat
1003 1687 1200 1726 trucidari.
1258 1689 1271 1707 ⁸
1285 1689 1409 1734 Quam

69 1749 207 1787 deinde
226 1749 394 1799 ampliiis
412 1749 610 1786 nationum
631 1754 850 1787 exterarum
870 1749 1033 1787 salutem
1053 1763 1159 1788 suam
1179 1752 1409 1790 credituram

69 1812 155 1860 sibi,
175 1812 209 1849 si
228 1816 288 1850 tot
314 1811 483 1850 militum
512 1811 696 1863 sanguine
727 1812 930 1850 imbuisset
959 1813 1125 1851 manus?
1178 1814 1409 1853 ⁴Neminem

70 1874 253 1913 stolidum
283 1874 484 1913 consilium
514 1875 638 1925 eapite
668 1874 774 1913 luere
806 1875 955 1914 debere.
1014 1875 1226 1915 Defuturos
1246 1891 1322 1926 eos,
1342 1879 1408 1929 qui

70 1938 286 1986 suaderent,
303 1938 336 1976 si
351 1938 516 1976 suasisse
529 1937 740 1989 perieulum
756 1940 893 1977 esset.''
936 1939 1110 1991 Denique
1125 1940 1227 1991 ipsos
1239 1942 1408 1992 qnotidie

70 2001 119 2038 ad
148 2014 188 2040 se
219 2001 349 2040 vocari
379 2001 417 2039 in
449 2001 662 2050 consilium,
682 2002 884 2054 variasque
916 2003 1125 2041 sententias
1155 2004 1294 2052 dicere,
1316 2006 1408 2042 ’nee

71 2070 198 2102 tamen
216 2064 386 2103 melioris
406 2064 495 2103 fidei
514 2065 658 2113 haberi,
677 2066 744 2117 qui
761 2066 994 2117 prudentius
1014 2067 1211 2105 suaserint.
1269 2067 1408 2120 Itaque

72 2126 218 2166 Graecis
242 2127 416 2166 nunciari
443 2128 566 2178 jubet,
585 2128 742 2179 “ipsum
769 2129 926 2180 quidem
952 2129 1227 2169 benevolentia}
1256 2131 1407 2169 illorum

70 2189 213 2240 gratias
227 2203 359 2242 agere;
381 2192 578 2239 caeternm,
594 2191 627 2229 si
642 2196 745 2230 retro
764 2193 820 2231 ire
839 2197 976 2244 pergat
993 2192 1097 2231 haud
1113 2193 1229 2231 dubie
1248 2207 1406 2245 regnum

70 2252 247 2291 hostibus
265 2253 506 2292 traditurum.
562 2254 575 2272 ⁸
587 2255 709 2293 Fama
726 2255 829 2294 bella
847 2261 969 2305 stare3
1000 2261 1040 2294 et
1059 2269 1145 2294 eum
1163 2257 1230 2308 qui
1245 2257 1405 2304 recedat,

70 2316 203 2367 fugere
232 2316 346 2354 credi.
404 2317 598 2356 Trahendi
616 2319 706 2357 vero
735 2319 830 2358 belli
847 2319 915 2358 vix
944 2319 1063 2357 ullam
1093 2332 1176 2358 esse
1209 2320 1404 2358 rationem.

72 2378 209 2417 Tantae
237 2379 339 2416 enim
369 2379 622 2430 multitudini,
641 2381 776 2433 utique
795 2385 879 2420 esim
902 2385 985 2433 jam
1010 2383 1143 2433 hyems
1173 2383 1347 2429 instaret,
1368 2382 1406 2419 in

70 2442 226 2492 regione
245 2443 368 2490 vastat,
384 2447 424 2480 et
442 2443 604 2482 invicem
624 2457 647 2482 a
661 2446 741 2483 suis
760 2450 873 2497 atque
892 2445 1001 2484 hoste
1020 2447 1173 2493 vexate,
1188 2458 1261 2482 non
1278 2445 1406 2482 suffec-

71 2509 159 2543 tura
178 2505 366 2543 alimenta.
427 2505 487 2543 Ne
507 2506 629 2544 dividi
649 2508 802 2558 quidem
832 2509 960 2559 copias
988 2521 1110 2558 posse,
1132 2512 1283 2545 servato
1303 2521 1402 2545 mor·

716 2586 739 2597 fl
