1583 2680
436 137 596 162 Lmen
626 137 694 162 vt.
736 138 846 163 cAP.
887 138 954 163 x1.
1302 130 1374 168 139

38 226 235 266 Philotam
253 227 421 277 torqueri
449 228 553 265 fama
571 228 802 280 vulgaverat,
821 228 944 280 legem
974 229 1228 268 Macedonum
1245 232 1373 281 veriti,

38 289 150 340 ''qua
180 292 333 326 cautum
365 294 458 338 erat,
490 294 535 327 ut
566 291 767 342 propinqui
798 303 939 340 eorum,
971 291 1038 342 qui
1069 291 1170 342 Regi
1202 292 1374 332 insidiati

33 356 154 399 erant,
174 352 263 388 esim
281 351 373 402 ipsis
390 357 637 403 neearentur;
667 353 734 391 alii
761 365 801 391 se
828 353 1070 402 interficiunt,
1090 353 1158 391 alii
1186 354 1226 392 in
1245 355 1374 394 devios

34 418 180 451 montes
208 418 410 465 vastasque
443 415 668 453 solitudines
696 415 861 467 fugiunt,
884 415 1030 467 ingenti
1057 429 1124 466 per
1150 420 1232 453 tota
1249 421 1374 455 eastra

33 480 177 513 terrore
197 474 334 513 diffuso
350 488 359 514 :
389 475 506 514 donec
525 476 621 525 Rex,
642 477 810 515 tumultu
828 477 990 528 cognito,
1006 476 1127 528 legem
1141 489 1181 515 se
1196 478 1372 527 supplicii

34 537 243 587 conjunctis
261 538 428 576 sontium
447 539 643 577 remittere
661 539 792 577 edixit.
849 539 1024 578 Philotas
1055 552 1190 579 verone
1210 553 1258 577 an
1275 553 1372 578 men-

34 600 142 638 dacio
161 599 320 638 liberare
351 613 391 639 se
421 614 444 638 a
472 601 643 639 cruciatu
671 601 847 650 voluerit,
875 614 1011 652 anceps
1042 603 1258 652 conjectura
1289 607 1371 640 est:

32 663 208 713 quoniam
237 667 275 701 ct
300 675 391 702 vera
420 663 611 712 confessis,
646 668 686 701 et
703 663 801 702 falsa
836 663 1064 713 dicentibus,
1096 664 1197 702 idem
1233 664 1373 701 doloris

32 725 116 763 finis
136 725 359 764 ostenditur.
418 725 664 774 ¹⁴Caeternm,
694 726 885 774 “Pater,”
920 726 1054 778 inquit,
1075 730 1218 764 “meus
1250 727 1372 777 Hege-

32 788 139 827 locho
168 790 284 840 quam
315 789 557 827 familiariter
588 802 681 827 usus
710 789 773 838 sit,
799 802 874 827 non
903 789 1097 841 ignoratis.
1154 789 1271 828 Illum
1289 789 1372 827 dico

35 854 306 906 Hegelochum,
324 853 389 905 qui
408 854 447 891 in
465 854 545 892 acie
565 854 711 892 cecidit.
769 853 846 892 Ille
864 855 1033 892 omnium
1059 854 1245 892 malorum
1262 854 1372 892 nobis

31 931 145 955 eausa
162 917 248 956 fuit..
303 916 404 955 Nam
432 919 517 954 cum
545 917 713 968 primum
745 917 856 955 Jovis
874 917 994 954 filium
1013 930 1053 955 se
1081 917 1239 954 salutari
1255 916 1373 966 jussit

33 981 131 1028 Rex,
152 980 192 1018 id
210 979 368 1030 indigne
387 979 514 1017 ferens
532 979 608 1027 ille,
640 982 648 1001 ‘
666 979 782 1017 Hunc
800 979 922 1030 igitur
941 980 1090 1031 Regem
1110 979 1372 1031 agnoscimus,’

30 1043 163 1093 inquit,
183 1044 193 1062 ‘
207 1041 274 1092 qui
292 1041 516 1092 Philippum
534 1041 762 1093 dedignatur
788 1041 965 1092 patrem?
1035 1042 1214 1080 ¹5Actum
1241 1046 1299 1079 est
1327 1041 1373 1079 dc
1418 1068 1421 1071 -

29 1105 151 1153 nobis,
170 1104 203 1142 si
221 1105 298 1142 ista
315 1104 461 1155 perpeti
480 1116 689 1155 possumus.
719 1103 758 1141 N
761 1117 809 1142 on
828 1104 996 1142 homines
1015 1104 1152 1153 solum,
1173 1105 1239 1142 sed
1258 1105 1373 1142 etiam

30 1168 131 1206 Deos
162 1167 334 1218 despicit,
362 1167 428 1218 qui
456 1167 626 1218 postulat
654 1167 759 1205 Deus
788 1167 903 1205 credi.
960 1167 1176 1205 Amisimus
1206 1168 1372 1205 Alexan-

28 1231 151 1280 drum,
171 1230 366 1268 amisimus
385 1230 532 1282 Regem
548 1243 556 1268 :
586 1229 788 1268 incidimus
807 1230 847 1267 in
863 1230 1087 1280 superbiam,
1103 1243 1171 1268 nec
1189 1230 1274 1268 Diis
1292 1231 1372 1281 qui-

28 1294 98 1332 bus
117 1306 156 1332 se
171 1297 355 1345 exaequat,
374 1305 443 1331 nee
473 1293 690 1332 hominibus
720 1293 858 1344 quibus
887 1305 928 1331 se
959 1293 1093 1331 eximit
1123 1293 1370 1332 tolerabilem.

31 1356 222 1395 Nostrone
249 1356 430 1408 sanguine
457 1356 582 1394 Deum
599 1356 769 1404 fecimus,
787 1355 852 1408 qui
871 1368 940 1393 nos
969 1355 1145 1394 fastidiat
1161 1356 1179 1393 ?
1204 1356 1272 1407 qui
1289 1370 1372 1408 gra·

28 1424 139 1458 vetur
166 1419 387 1458 mortalium
416 1419 522 1457 adire
541 1419 775 1457 concilium?
831 1418 987 1458 Credite
1013 1418 1119 1468 mihi,
1156 1424 1195 1457 et
1226 1431 1306 1467 nos,
1339 1419 1371 1457 si

29 1482 103 1521 viri
120 1494 262 1530 sumus,
283 1495 306 1519 a
323 1481 410 1519 Diis
429 1482 702 1532 adoptabimur.
759 1480 856 1527 Quis
874 1494 1055 1534 proavum
1073 1481 1187 1531 hujus
1205 1481 1370 1520 Alexan-

29 1544 151 1593 drum,
180 1545 265 1595 quis
294 1544 431 1582 deinde
462 1543 706 1591 Archelaum,
735 1543 822 1594 quis
850 1543 1073 1581 Perdiccam
1104 1544 1247 1581 occisos
1265 1544 1372 1583 ultus

29 1612 87 1645 est
102 1607 119 1644 ?
173 1607 251 1645 Hic
269 1606 422 1658 quidem
440 1606 745 1644 interfectoribus
763 1604 883 1655 patris
909 1605 1080 1656 ignovit)
1135 1605 1232 1644 Haec
1246 1605 1370 1657 Hege-

28 1670 159 1709 lochus
188 1670 288 1708 dixit
318 1683 431 1720 super
450 1682 614 1718 coenam;
644 1672 684 1706 et
712 1672 864 1718 postero
882 1667 944 1705 dic
970 1667 1095 1717 prima
1113 1667 1196 1705 luce
1214 1681 1237 1705 a
1262 1657 1370 1718 patre

27 1745 206 1771 accersor.
264 1732 403 1770 Tristis
431 1736 524 1780 erat,
552 1736 590 1770 et
618 1744 678 1769 me
707 1735 883 1769 moestum
912 1730 1090 1769 videbat:
1133 1729 1369 1769 audieramus

27 1797 128 1834 enim
144 1809 230 1847 quae
247 1795 544 1834 sollicitudinem
564 1794 587 1812 ¹⁶
600 1794 826 1832 incuterent.
882 1793 1018 1844 Itaque
1037 1798 1082 1830 ut
1101 1793 1368 1844 experiremur,

26 1863 203 1897 utrumne
241 1858 329 1897 vino
365 1862 542 1910 gravatus
579 1856 773 1894 effudisset
817 1855 897 1904 illa,
933 1869 983 1892 an
1015 1854 1150 1893 altiore
1190 1860 1370 1906 concept-a

28 1921 197 1970 consilio,
216 1921 358 1959 accersi
377 1933 464 1959 eum
481 1920 635 1971 placuit.
691 1919 838 1958 Venit:
867 1918 1071 1969 eodemque
1086 1931 1254 1956 sermone
1267 1918 1368 1957 ultro

27 1985 200 2035 repetito,
231 1984 384 2034 adjecit,
416 1996 468 2032 se,
500 1983 579 2022 sive
608 1982 831 2020 auderemus
860 1981 971 2019 duces
1001 1993 1094 2030 esse,
1125 1981 1317 2032 proximas
1346 1994 1368 2019 a

27 2046 137 2085 nobis
164 2051 294 2096 partes
323 2047 348 2065 ¹⁷
361 2045 664 2085 vindicaturum:
692 2045 771 2083 sive
801 2044 950 2082 deesset
979 2043 1138 2091 animus,
1171 2043 1367 2081 consilium

29 2108 182 2146 silentio
200 2120 281 2146 esse
299 2113 497 2148 tecturam.
553 2107 810 2156 Parmenioni,
830 2107 915 2146 vivo
935 2105 1059 2144 adhuc
1085 2105 1215 2155 Dario,
1234 2105 1367 2143 intem-

28 2171 177 2223 pestiva
194 2183 254 2208 res
272 2170 496 2222 videbatur3
529 2171 552 2190 ¹⁸
565 2184 640 2210 non
658 2170 759 2209 enim
787 2170 872 2219 sibi,
892 2169 959 2208 sed
987 2168 1089 2208 hosti
1117 2181 1199 2207 esse
1228 2169 1366 2206 occisu-

28 2247 92 2272 ros
119 2232 404 2272 Alexandrum:
431 2233 549 2272 Dario
581 2234 670 2272 vero
701 2232 862 2282 sublato,
882 2232 1079 2283 praemium
1108 2231 1226 2283 Regis
1256 2231 1367 2269 occisi

29 2296 178 2344 Asiam,
198 2301 237 2334 et
255 2299 377 2333 totum
397 2295 594 2335 Orientem
608 2296 913 2335 interfectoribus
932 2308 1014 2333 esse
1029 2307 1231 2332 cessurum.
1288 2293 1366 2342 Ap-

29 2359 261 2411 probatoque
279 2358 449 2406 consilio,
468 2358 508 2396 in
534 2358 616 2398 haec
643 2359 734 2397 fides
763 2359 854 2397 data
883 2363 942 2397 est
967 2363 1007 2396 et
1035 2361 1198 2407 accepta.
1256 2354 1366 2400 Quod

691 2436 714 2472 7
