1583 2680
99 134 169 170 176
555 145 739 178 QUINTI
778 145 963 170 CURTII

91 236 222 274 eadem
241 249 348 274 mens
369 236 542 276 omnibus
571 236 754 276 Barbaris
786 236 872 274 fuit.
929 236 1064 275 Armis
1090 236 1246 288 quidam
1265 236 1411 275 subacti

89 299 215 348 plures
234 304 320 337 ante
339 304 530 337 certamen
548 300 560 317 ²
573 299 758 349 imperata
776 298 970 337 fecerunt:
998 299 1136 350 quibus
1152 312 1290 348 eorum,
1311 298 1377 350 qui
1396 299 1435 336 in

91 360 298 399 defectione
315 366 662 412 perseveraverant,
686 361 800 400 urbes
818 374 1001 413 agrosque
1017 361 1321 411 jussit-attribui.
1378 362 1436 399 At

91 424 222 461 exules
242 424 442 462 Bactriani
458 438 541 462 cum
556 424 783 475 octingentis
799 424 989 475 equitibus
1004 425 1309 476 Massagetarum
1327 437 1435 474 prox-

92 487 187 525 imos
205 487 309 525 vicos
329 492 586 526 vastaverunt.
643 487 710 526 Ad
728 501 821 538 quos
840 488 1063 526 coercendos
1081 488 1241 526 Attinas
1265 487 1433 538 regionis

91 551 174 598 ejus
203 550 416 588 Praefectus
443 554 630 588 trecentos
657 551 814 601 equiteS‚
834 551 1062 588 insidiarum
1088 564 1174 602 quae
1201 551 1436 601 parabantur

90 610 258 662 ignarus,
291 612 436 651 eduxit.
494 612 668 663 Namque
700 612 820 651 hostis
849 613 890 650 in
923 613 1053 663 sylvis,
1082 627 1168 664 quae
1197 617 1304 650 erant
1334 612 1435 649 forte»

90 687 220 724 eampo
236 676 391 724 junctae,
411 680 596 712 armatum
613 675 775 713 militem
793 675 976 724 condidit,
992 676 1123 726 paucis
1141 675 1436 725 propellentibus

89 750 234 787 pecora,
254 743 298 775 ut
315 738 568 788 improvidum
588 739 637 775 ad
664 738 826 775 insidias
853 738 983 788 praeda
1009 738 1244 788 perduceret.
1300 737 1436 787 Itaque

90 800 358 850 ³incomposito
389 801 551 850 agmine,
583 800 793 851 solutisque
830 800 1039 849 ordinibus,
1077 800 1238 838 Attinas
1267 800 1435 850 ⁴praeda-

88 863 241 901 bundus
275 863 525 913 sequebatur:
554 876 667 914 quem
697 867 1010 915 praetergressum
1043 864 1201 914 sylvam,
1220 863 1287 915 qui
1320 863 1361 900 in
1390 866 1436 900 ea

89 925 345 974 consederant,
366 938 413 963 ex
440 925 645 976 improviso
673 926 812 974 adorti,
833 939 918 964 eum
945 926 1122 965 omnibus
1151 927 1433 965 interemerimt.

90 988 276 1027 Celeriter
295 989 344 1026 ad
373 989 574 1028 Craterum
593 989 710 1040 hujus
730 989 851 1028 cladis
869 990 970 1028 fama
995 990 1143 1041 perlata
1169 995 1238 1038 est,
1257 990 1323 1042 qui
1351 1003 1435 1028 cum

91 1052 193 1090 omni
212 1053 384 1103 equitatu
403 1053 629 1103 supervenit.
687 1053 743 1091 Et
770 1053 1002 1105 Massagctae
1020 1053 1172 1104 quidem
1191 1054 1272 1103 jam
1289 1053 1434 1104 refuge-

87 1120 182 1153 rant.
241 1115 360 1154 Dahae
379 1116 482 1154 mille
502 1116 672 1167 oppressi
702 1121 816 1155 sunt:
845 1130 1005 1167 quorum
1032 1116 1150 1164 clade,
1169 1116 1289 1154 totius
1316 1115 1433 1167 regio-

87 1179 145 1216 nis
164 1179 273 1216 finita
294 1179 468 1218 defectio.
524 1179 747 1218 Alexander
762 1192 922 1231 quoque,
941 1179 1141 1231 Sogdianis
1156 1181 1291 1217 rursus
1306 1179 1434 1217 subac-

88 1242 149 1290 tis,
171 1242 402 1279 Maracanda
420 1242 572 1292 repetit.

167 1308 200 1342 9..
232 1305 296 1342 Ibi
315 1304 471 1353 Berdes,
491 1318 603 1355 quem
622 1304 670 1342 ad
691 1304 850 1355 Scythas
878 1318 991 1355 super
1010 1305 1251 1355 Bosphorum
1269 1304 1433 1343 colentes

88 1368 256 1416 miserat,
278 1381 364 1405 cum
392 1368 529 1419 legatis
557 1368 680 1419 gentis
709 1369 882 1406 occurrit.
940 1368 1247 1419 Phrataphernes
1274 1381 1432 1419 quoque,

87 1431 152 1481 qui
188 1430 423 1469 Chorasmiis
442 1436 617 1481 praeerat,
637 1430 867 1482 Massagetis
895 1436 934 1468 et
961 1431 1082 1468 Dahis
1100 1431 1297 1483 regionum
1324 1432 1431 1469 confi-

87 1494 150 1531 nio
181 1494 395 1544 adjunctus,
416 1494 583 1542 miserat,
612 1494 676 1544 qui
696 1494 898 1545 *facturum
930 1494 1117 1545 imperata
1149 1494 1429 1544 pollicerentur.

88 1557 239 1607 Scythae
259 1557 449 1607 petebant,
464 1561 508 1594 ut
524 1557 647 1608 Regis
666 1557 727 1594 sui
744 1557 860 1594 filiam
874 1556 1118 1595 matrimonio
1139 1557 1212 1595 sibi
1228 1558 1430 1609 jungeret:

87 1620 118 1657 si
140 1620 409 1671 dedignaretur
427 1620 658 1669 affinitatem,
678 1620 870 1672 principes
898 1620 1152 1659 Macedonum
1179 1633 1266 1659 cum
1294 1621 1431 1672 primo-

86 1683 191 1720 ribus
219 1696 297 1721 suae
328 1683 454 1734 gentis
484 1683 668 1721 connubio
702 1683 802 1721 coire
838 1688 1043 1734 pateretur.
1112 1683 1248 1734 Ipsum
1285 1697 1431 1735 quoque

87 1746 231 1797 Regem
260 1752 461 1784 venturum
498 1746 547 1784 ad
579 1759 663 1784 euni
695 1746 982 1797 pollicebantur.
1040 1746 1214 1797 Utraque
1242 1746 1431 1798 legatione

86 1809 246 1861 benigne
267 1809 412 1858 audita,
442 1809 756 1860 Hephaestionem
784 1814 822 1847 et
850 1810 1086 1848 Artabazum
1115 1810 1325 1859 opperienS,
1357 1814 1430 1847 sta-

87 1871 165 1909 tiva
201 1872 356 1910 habuit:
386 1872 544 1923 ⁵quibus
574 1872 775 1922 adjunctis,
808 1872 846 1909 in
879 1872 1071 1923 regionem
1100 1885 1185 1922 qum
1217 1871 1431 1922 appellatur

89 1936 288 1984 Bazaria,
321 1935 506 1986 pervenit.
563 1935 746 1974 Barbarae
775 1935 978 1985 opulentia}
1014 1934 1054 1972 in
1087 1934 1165 1972 illis
1198 1934 1292 1973 locis
1328 1935 1429 1973 haud

86 1997 164 2034 ulla
184 2003 272 2035 sunt
291 1999 436 2048 majora
455 1997 610 2046 indicia,
629 1999 745 2049 quam
774 1997 922 2049 magnis
949 1997 1165 2035 nemoribus
1192 1997 1429 2049 saltibusque

86 2060 270 2098 nobilium
288 2062 453 2099 ferarum
471 2074 603 2113 greges
623 2061 753 2100 clausi.
811 2061 1005 2111 Spatiosas
1024 2060 1072 2098 ad
1099 2061 1170 2099 hoc
1189 2061 1336 2113 eligunt
1355 2062 1429 2112 syl-

86 2135 164 2170 vas,
185 2123 324 2161 crebris
344 2124 564 2174 perennium
584 2137 766 2174 aquarum
795 2123 964 2161 fontibus
994 2136 1168 2161 amoenas.
1226 2124 1351 2162 Muris
1368 2137 1429 2162 nc·

87 2199 189 2223 mora
206 2186 419 2237 cinguntur,
437 2193 632 2237 turresque
647 2187 787 2224 habent
801 2187 1020 2224 venantium
1039 2187 1289 2237 receptacula.
1330 2186 1428 2233 Qua-

87 2254 173 2287 tuor
211 2249 399 2287 continuis
435 2250 613 2287 :rtatibus
651 2249 839 2287 intactum
881 2250 1019 2287 saltum
1056 2249 1174 2287 fuisse
1210 2250 1426 2300 constabat;

86 2326 196 2363 quem
216 2312 437 2350 Alexander
456 2327 539 2349 cuin
569 2318 649 2350 toto
677 2313 844 2350 exercitu
873 2313 1076 2364 ingressus,
1097 2313 1234 2365 agitari
1264 2313 1429 2365 undique

86 2377 184 2413 feras
204 2376 329 2425 jussit.
388 2377 496 2413 Inter
531 2390 624 2427 quas
658 2378 744 2413 ci'un
779 2376 838 2414 leo
872 2377 1147 2428 magnitudinis
1179 2391 1275 2416 rarm
1305 2377 1425 2428 ipsum

89 2440 229 2490 Regem
268 2439 463 2477 invasurus
503 2439 719 2485 incurreret,
752 2440 847 2477 sorte
889 2440 1149 2490 Lysimachus,
1183 2440 1266 2491 [qui
1297 2445 1428 2491 postea
