1583 2680
497 109 992 135 Ltnnssv.car.1x.
1344 97 1410 134 101

69 215 230 254 2egnum
248 206 370 250 tuum,
390 201 535 241 salubri
552 201 699 240 ratione
718 212 924 240 conserves.
1007 199 1095 238 Diis
1114 200 1260 238 aversis
1272 200 1414 239 bellum

69 263 222 312 inimus,
243 268 281 302 et
299 264 480 315 pertinax
497 266 651 303 fortuna
669 264 810 303 Persas
829 276 963 315 urgere
980 275 1056 301 non
1083 263 1233 301 desinit.
1290 263 1414 302 Novis

68 325 190 365 initiis
208 331 248 364 et
265 326 454 365 ominibus
472 340 567 377 opus
584 332 653 365 est,
681 327 694 344 ⁶
706 325 931 377 Auspicium
948 330 987 364 et
1001 325 1204 376 imperium
1222 325 1289 363 alii
1307 326 1413 364 trade

71 388 237 436 interim,
255 389 323 439 qui
353 394 432 427 tam
462 390 528 428 diu
547 390 635 428 Rex
653 389 877 440 appelletur,
899 387 1016 426 donec
1035 388 1135 426 Asia.
1154 387 1312 426 decedat
1330 388 1412 426 hos-

68 451 128 490 tis.
185 451 324 490 Victor
354 452 521 490 ⁷deinde
551 465 707 504 regnum
734 452 809 490 tibi
843 451 1006 490 reddat:
1057 450 1127 488 hoc
1159 455 1287 488 autem
1305 451 1411 490 brevi

67 513 241 552 futurum
257 514 357 552 ratio
375 515 576 565 promittit.
659 514 805 553 Bactra
821 514 967 552 intacta
994 518 1083 563 sunt
1099 527 1108 552 :
1137 513 1228 552 Indi
1248 519 1287 551 et
1306 513 1412 552 Saeae

67 577 107 614 in
124 579 193 615 tua
211 583 402 628 potestate
416 592 425 628 3
448 583 506 616 tot
519 578 665 629 populi,
678 582 737 616 tot
749 577 952 627 exercitus,
968 582 1027 615 tot
1041 577 1211 628 equitum
1223 577 1411 628 peditum-

65 653 138 691 que
156 641 279 679 millia
297 641 346 678 ad
363 641 621 680 renovandum
639 641 784 680 bellum
801 641 903 680 vires
920 646 1075 692 paratas
1094 641 1248 688 habent,
1267 646 1311 679 ut
1337 655 1411 678 ma-

73 705 135 753 jor
153 703 249 742 belli
268 704 410 742 ⁸moles
429 706 605 755 supersit,
632 706 748 755 quam
775 704 961 742 exhausta
988 705 1049 744 sit.
1134 703 1238 750 Quid
1266 704 1412 742 ruimus

66 767 279 806 belluarum
314 769 395 807 ritu
438 769 479 806 in
518 769 728 820 perniciem
759 782 836 807 non
871 770 1124 807 necessariam
1138 770 1156 807 ?
1236 770 1411 808 Fortium

66 831 235 869 virorum
264 837 324 869 est
352 832 473 884 magis
501 838 662 870 mortem
691 838 941 881 contemnere,
973 835 1090 884 quam
1125 833 1250 871 odisse
1280 833 1409 871 vitam.

67 893 177 944 Saepe
197 894 315 933 taedio
334 894 475 933 laboris
492 897 504 913 ⁹
519 895 568 933 ad
586 895 779 933 vilitatem
811 895 871 933 sui
900 896 1172 946 compelluntur
1190 897 1319 948 ignavi
1335 910 1344 935 ε
1373 902 1413 934 at

67 957 190 994 virtus
207 957 306 995 nihil
322 958 560 1008 inexpertum
579 958 734 997 omittit.
773 958 911 1009 Itaque
930 959 1110 997 ultimum
1123 960 1293 997 omnium
1310 972 1412 997 mors

65 1025 146 1069 est3
177 1020 225 1058 ad
243 1033 357 1071 quam
374 1033 449 1059 non
467 1021 579 1072 pigre
598 1021 655 1058 ire
674 1021 770 1058 satis
790 1026 861 1059 est.
898 1021 1068 1059 Proinde
1089 1022 1123 1060 si
1141 1022 1297 1071 Bactra,
1312 1022 1412 1074 quod

65 1083 299 1122 tutissimum
315 1084 595 1135 receptaculum
612 1088 682 1132 est,
701 1084 880 1134 petimus,
897 1083 1129 1122 Praefeetum
1146 1085 1313 1136 regionis
1332 1087 1412 1135 ejus

64 1146 239 1195 Bessum,
258 1147 408 1199 Regem
428 1148 451 1166 ¹⁰
469 1147 650 1198 temporis
667 1147 794 1198 gratia
814 1151 1038 1185 statuamus.
1097 1146 1327 1198 Compositis
1355 1161 1411 1186 re-

64 1210 146 1259 bus,
166 1211 191 1228 ¹¹
202 1211 308 1260 justo
326 1210 428 1262 Regi
448 1210 522 1249 tibi
539 1211 564 1229 ¹²
577 1210 817 1249 fiduciarium
835 1210 1016 1248 restituet
1034 1210 1273 1260 imperium.”

143 1276 204 1312 26.
235 1273 356 1312 Haud
390 1274 531 1312 mirum
568 1279 638 1322 est,
678 1274 841 1312 Darium
877 1287 955 1312 non
992 1277 1232 1324 temperasse
1271 1273 1409 1323 animo,

69 1337 95 1354 ¹²
110 1351 327 1389 quanquam
356 1343 436 1375 tam
465 1338 594 1388 impiae
612 1338 698 1376 voci
716 1343 902 1389 quantum
929 1338 1037 1375 nefas
1057 1337 1233 1376 subesset
1252 1337 1409 1376 latebat.

66 1400 215 1451 Itaque,
243 1401 270 1420 ¹⁴
287 1404 309 1422 ‘⁶
326 1401 582 1449 Pessimum,’'
611 1401 747 1452 inquit,
782 1404 804 1422 “
820 1401 1062 1452 mancipium,
1091 1401 1274 1452 reperiSti
1307 1407 1410 1452 opta·

67 1469 151 1502 tum
169 1464 242 1502 tibi
257 1470 420 1515 tempus,
435 1478 510 1516 quo
525 1465 775 1515 parricidium
787 1465 956 1515 aperires
970 1464 978 1502 l
992 1467 1010 1484 '²
1039 1465 1247 1516 strictoque
1260 1465 1411 1503 acinace

65 1527 338 1565 interfecturus
368 1540 455 1566 eum
483 1527 697 1575 videbatur,
734 1527 760 1545 ¹⁵
775 1530 818 1564 ni
858 1529 1018 1578 propere
1056 1527 1204 1566 Bessus
1241 1528 1410 1566 Bactria-

66 1590 192 1641 nique,
222 1591 394 1628 tristium
431 1590 568 1641 specie,
606 1591 804 1638 caeterum,
843 1590 876 1627 si
905 1596 1188 1640 perseveraret,
1229 1591 1410 1641 vincturi,

66 1654 419 1691 circumstetissent.
478 1652 726 1692 Nabarzanes
745 1653 900 1691 interim
915 1652 1078 1704 elapsus,
1098 1666 1188 1691 mox
1208 1658 1248 1691 et
1266 1653 1411 1692 Bessus

66 1722 307 1765 consecutus,
328 1717 456 1768 copias
475 1716 615 1768 quibus
633 1721 826 1767 praeerant
845 1730 867 1754 a
885 1721 1022 1754 caetero
1042 1716 1216 1754 exercitu
1234 1716 1410 1755 secedere

75 1780 224 1830 jubent,
244 1785 434 1818 secretum
452 1779 589 1818 inituri
617 1779 830 1818 consilium.
887 1779 1108 1818 Artabazus
1127 1780 1411 1818 convenientem

68 1844 250 1895 praesenti
278 1844 443 1882 fortunae
471 1843 703 1882 sententiam
735 1856 856 1891 orsus,
877 1843 1056 1894 mitigare
1087 1842 1260 1891 Darium,
1283 1843 1411 1881 “tem-

67 1920 203 1958 porum
238 1907 450 1946 identidem
485 1906 692 1946 admonens
737 1907 877 1957 coepit:
924 1909 946 1927 “
964 1906 1101 1944 Ferret
1136 1919 1246 1958 aequo
1284 1906 1410 1944 animo

66 1971 400 2023 qualiumcunque,
431 1983 588 2010 suorum
616 1975 757 2018 tamen,
795 1969 858 2008 vel
890 1969 1097 2008 stultitiam
1124 1969 1188 2008 vel
1226 1982 1406 2007 errorem.

70 2034 220 2072 Instare
250 2034 516 2073 Alexandrum
536 2035 561 2052 ²⁷
571 2047 740 2085 gravem,
761 2033 910 2072 etiamsi
929 2046 1059 2071 omncs
1090 2033 1232 2084 pra—‘asto
1260 2039 1410 2070 essent:

68 2097 162 2148 quid
173 2097 359 2146 futurum,
378 2098 412 2135 si
427 2097 620 2148 persecuti
632 2097 763 2148 fugam
781 2097 902 2148 ipsius
922 2096 1138 2134 alienentur
1153 2095 1171 2133 ’.Ρ
1185 2096 1205 2115 ”
1263 2095 1411 2146 ¹⁵AEgre

69 2159 197 2210 paruit
225 2160 431 2208 Artabazo,
460 2166 500 2198 et
527 2173 742 2212 quanquam
769 2173 921 2198 movere
951 2164 1076 2197 castra
1102 2163 1304 2208 statuerat,
1332 2164 1409 2195 tur-

70 2223 173 2261 batis
206 2228 333 2261 tamen
361 2224 530 2261 omnium
562 2223 712 2272 animis,
746 2223 880 2261 eodem
908 2223 948 2261 in
978 2223 1062 2261 loco
1090 2222 1276 2261 substitit.
1334 2221 1411 2259 Sed

70 2286 261 2323 attonitus
294 2287 477 2324 moestitia.
509 2286 625 2325 simul
651 2292 692 2325 et
718 2286 996 2337 desperatione,
1016 2285 1262 2324 tabernaculo
1291 2296 1330 2321 se
1358 2284 1408 2320 in-

71 2349 198 2388 clusit.
270 2349 374 2400 Ergo
408 2349 447 2386 in
482 2350 633 2398 eastris,
670 2363 758 2401 quae
792 2349 939 2388 nullius
971 2349 1201 2401 regebantur
1238 2345 1409 2395 imperio,

72 2414 164 2452 varii
187 2413 397 2451 animorum
428 2417 554 2450 motus
573 2418 703 2450 erant:
732 2425 800 2451 nec
820 2413 858 2450 in
879 2426 1088 2456 commune,
1109 2417 1153 2448 ut
1172 2411 1307 2456 antea,
1327 2421 1397 2446 con
