1583 2680
116 143 166 178 24
578 151 759 184 QUINTI
797 151 983 177 cun-ru

118 249 316 296 pugnatas,
349 243 493 282 foedera
520 243 676 282 humani
705 244 899 295 divinique
929 243 1028 294 juris
1054 243 1224 283 violata''
1251 244 1451 284 referebat.

119 308 277 358 Illyrios
296 308 386 345 vero
406 312 445 344 et
465 307 646 356 Thracas,
662 311 772 357 rapto
792 307 918 345 vivere
937 312 1120 356 assuetos,
1137 307 1255 345 aciem
1273 307 1453 356 hostium,

119 385 209 408 auro
238 373 483 422 purpurzique
510 371 722 421 fulgentem
754 371 897 408 intueri
926 371 1099 420 jubebat,
1135 372 1161 389 ¹⁰
1173 371 1352 421 praedam,
1380 384 1454 409 non

120 448 224 471 arma
252 439 472 485 gestantem.
532 434 652 481 Irent,
674 438 712 471 et
741 433 960 471 imbellibus
990 434 1156 471 foeminis
1187 447 1322 472 aurum
1342 434 1453 472 ”viri

120 498 318 547 eriperent.
375 498 528 548 Aspera
546 497 733 535 montium
757 510 911 535 suorum
935 498 1042 547 juga,
1062 497 1260 548 nudosque
1280 497 1396 535 colles
1417 498 1457 534 eti

120 566 304 611 perpetuo
343 561 512 611 rigentes
549 560 650 611 gelu,
685 560 830 598 ditibus
863 560 1072 597 Persarum
1105 560 1247 610 campis
1280 560 1457 611 agrisque

123 626 147 642 ¹²
162 629 365 662 mutarent.

200 688 277 726 XI.
309 691 369 725 25.
402 687 431 726 J
434 701 494 725 am
515 688 524 705 ¹
542 687 590 724 ad
610 687 679 725 teli
694 689 840 737 jactum
859 691 1120 737 pervenerant,
1141 688 1230 724 cum
1250 686 1459 724 Persarum

123 753 270 803 equites
283 752 462 789 ferociter
475 752 513 788 in
526 751 666 789 laevum
679 764 796 789 cornu
808 751 975 788 hostium
987 751 1129 789 invecti
1142 756 1241 788 sunt.
1284 751 1296 768 ²
1308 750 1459 801 Quippe

125 816 268 854 Darius
289 815 458 865 equestri
478 814 610 864 praelio
631 814 833 851 decernere
852 813 1020 863 optabat,
1040 813 1265 864 phalangem
1286 814 1458 851 Macedo-

122 879 198 916 nici
217 879 409 916 exercitiis
428 878 545 915 robur
564 890 646 914 esse
667 878 895 926 conjectans.
954 876 1120 927 Jamque
1149 877 1263 914 etiam
1283 877 1461 914 dextrum

126 942 342 979 Alexandri
362 954 480 978 cornu
503 940 797 978 circumibatur:
827 939 930 991 quod
959 939 1027 978 ubi
1058 940 1220 977 Macedo
1251 940 1461 990 conspexit,

125 1007 136 1023 ³
151 1006 299 1044 duabus
319 1005 391 1042 alis
411 1005 584 1055 equitum
604 1004 653 1041 ad
668 1006 804 1054 jugum
823 1003 965 1041 montis
980 1003 1098 1053 jussis
1119 1003 1339 1051 subsistere,
1355 1009 1461 1041 eaete-

127 1070 249 1107 resin
269 1068 439 1106 medium
468 1067 562 1106 belli
592 1067 796 1104 discrimen
827 1067 980 1104 strenue
1002 1066 1194 1104 transfert.
1253 1066 1463 1104 Subductis

127 1133 266 1170 deinde
287 1144 335 1168 ex
355 1131 433 1168 acie
465 1130 662 1167 Thessalis
695 1129 897 1181 equitibus.
956 1129 1190 1168 Praefectum
1223 1142 1353 1167 eorum
1381 1130 1462 1167 ⁴oc-

126 1196 228 1233 culte
247 1194 445 1233 circumire
461 1198 611 1243 tergum
626 1206 782 1231 suorum
798 1193 920 1242 jubet,
937 1193 1255 1244 Parmenionique
1271 1193 1462 1244 conjungi,

126 1265 166 1297 et
197 1258 298 1310 quod
328 1258 362 1295 is
392 1257 628 1307 imperasset,
649 1256 811 1307 impigre
841 1256 986 1307 exequi.
1045 1256 1212 1307 Jamque
1241 1256 1315 1306 ipsi
1333 1257 1373 1294 in
1391 1269 1463 1294 me-

127 1323 233 1361 dium
253 1322 461 1360 Persarum
480 1321 648 1372 undique
668 1320 889 1357 circumfusi
909 1319 1059 1370 egregie
1079 1332 1119 1358 se
1138 1320 1367 1358 tuebantur:
1397 1320 1464 1358 sed

127 1385 306 1433 conserti,
325 1390 363 1422 et
383 1384 492 1435 quasi
512 1384 758 1432 eohaerentes,
775 1383 854 1421 tela
872 1383 1022 1421 vibrare
1042 1396 1117 1420 non
1136 1388 1324 1433 poterant.
1383 1384 1394 1401 ⁶
1409 1383 1463 1422 Si-

126 1450 207 1488 mul
227 1454 335 1487 erant
365 1448 512 1495 emissa,
533 1448 545 1465 ⁶
561 1447 600 1485 in
619 1447 772 1485 eosdem
791 1447 1057 1484 concurrentia
1088 1447 1395 1497 implicabantur,
1416 1446 1464 1484 le-

128 1514 240 1565 vique
261 1518 300 1550 et
319 1525 416 1551 vano
436 1512 518 1549 ictu
537 1524 656 1562 pauca
682 1511 722 1548 in
751 1511 911 1559 hostem,
932 1510 1044 1561 plura
1063 1510 1103 1547 in
1122 1510 1280 1548 humum
1311 1510 1467 1548 innoxia

129 1577 326 1615 cadebant.
387 1575 491 1625 Ergo
525 1574 698 1612 eominus
726 1587 893 1626 pugnam
927 1574 1048 1612 eoacti
1081 1587 1288 1622 conserere,
1318 1574 1466 1625 gladios

128 1641 288 1691 impigre
310 1639 515 1689 stringunt.
575 1638 675 1676 Tum
693 1639 784 1676 vero
813 1637 982 1675 multum
1011 1637 1206 1688 sanguinis
1234 1638 1363 1675 fusum
1383 1643 1465 1675 est:

129 1704 214 1741 duae
247 1703 387 1754 quippe
418 1702 518 1739 acies
549 1701 605 1738 ita
638 1700 891 1749 cohaerebant,
911 1705 957 1738 ut
975 1700 1091 1738 armis
1124 1713 1229 1737 arma
1256 1700 1466 1751 pulsarent,

130 1768 141 1784 ⁷
156 1779 356 1804 mucrones
377 1765 416 1802 in
436 1778 502 1802 ora
532 1764 765 1815 dirigerent:
795 1776 871 1800 non
890 1763 1039 1811 timido,
1059 1775 1134 1800 non
1153 1763 1289 1812 ignavo
1319 1775 1467 1800 cessare

133 1836 214 1867 tum
234 1829 366 1866 licuit:
397 1828 408 1845 ⁸
423 1827 560 1865 collato
579 1827 687 1877 pede,
708 1826 817 1877 quasi
837 1826 978 1876 singuli
998 1826 1096 1863 inter
1115 1839 1155 1863 se
1176 1826 1412 1873 dimicarent,
1428 1826 1468 1863 in

135 1893 268 1931 eodem
288 1891 450 1941 vestigio
482 1889 647 1937 stabant,
668 1889 787 1927 donec
811 1889 997 1927 vincendo
1027 1889 1153 1926 locum
1185 1889 1259 1927 sibi
1288 1890 1466 1928 facerent.

132 1957 231 1994 Tum
252 1956 403 1993 demum
424 1966 512 2005 ergo
533 1953 807 2004 promovebant
826 1953 998 2004 gradum,
1019 1953 1108 1990 crim
1137 1952 1286 1990 hostem
1305 1959 1468 2003 prostra-

131 2025 274 2058 verant.
334 2020 392 2056 At
411 2017 499 2055 illos
518 2029 639 2055 novus
660 2016 875 2066 excipiebat
903 2016 1146 2054 adversarius
1165 2016 1370 2067 fatigatos:
1399 2030 1470 2054 nee

131 2082 333 2129 vulnerati,
354 2087 399 2119 ut
419 2081 516 2118 alias
545 2080 679 2128 solent,
701 2080 780 2117 acie
809 2084 987 2130 poterant
1016 2079 1212 2127 excedere,
1233 2081 1322 2117 cnm
1348 2080 1470 2117 hostis

131 2147 295 2184 instaret
316 2159 337 2182 a
357 2145 493 2191 fronte,
515 2157 536 2180 a
556 2149 663 2195 tergo
683 2143 742 2181 sui
762 2147 950 2194 urgerent.

211 2211 272 2247 26.
316 2207 547 2254 Alexander,
590 2219 665 2244 non
701 2205 805 2243 ducis
842 2205 962 2256 inagis
993 2206 1106 2255 quam
1143 2206 1280 2243 militis
1317 2219 1472 2244 munera

132 2272 424 2323 exsequebatur,
456 2273 467 2288 ¹¹
483 2270 650 2320 opimum
683 2269 798 2306 ‹leeus
817 2282 912 2306 caeso
941 2269 1048 2319 Rege
1077 2275 1266 2319 expetens
1324 2269 1473 2320 Quippe

131 2336 271 2375 Darius
290 2348 400 2372 curru
419 2333 590 2371 sublimis
609 2332 809 2379 eminebat,
831 2337 868 2369 et
889 2332 967 2369 suis
996 2332 1043 2369 ad
1065 2346 1102 2369 se
1123 2332 1316 2381 tuendum,
1336 2338 1375 2370 et
1390 2332 1470 2370 hos-

135 2400 236 2438 tibus
269 2399 317 2436 ad
351 2396 625 2443 incessendum,
659 2395 790 2446 ingens
825 2397 850 2413 ¹⁰
868 2395 1160 2433 incitamentum.
1215 2396 1325 2447 Ergo
1357 2396 1474 2434 frater

133 2465 215 2513 ejus
239 2461 440 2509 Oxathres,
461 2461 549 2498 cnm
583 2459 845 2497 Alexandnnn
879 2459 1018 2497 instare
1047 2459 1082 2497 ei
1114 2463 1297 2508 cerne-ret,
1317 2459 1475 2510 equites,
