1583 2680
488 142 647 168 Linea
686 142 733 167 v.
778 143 887 168 car.
932 142 961 167 x.
1343 132 1388 169 82

53 232 282 285 coluntque:
322 245 367 271 ut
398 234 429 271 si
463 239 621 272 externa
654 235 712 273 vis
744 234 908 285 ingruat,
941 233 1105 272 obsessis
1134 233 1316 271 alimenta
1342 247 1390 271 ex

52 297 174 347 ipsius
192 296 298 335 urbis
318 297 398 335 solo
419 297 766 335 subministrentur.
824 297 1042 348 Euphrates
1071 296 1269 343 interfluit,
1288 309 1390 345 mag-

51 371 185 410 naeque
217 359 327 397 molis
358 359 659 410 ”crepidinibus
692 364 899 398 coercetur.
957 359 1034 397 Seu
1064 359 1091 376 ³²
1109 359 1277 396 omnium
1307 371 1388 408 ope-

50 435 136 459 rum
179 422 481 472 magnitudinem
527 423 828 461 circumveniunt
873 435 1044 460 cavernae
1089 422 1274 472 ingentes,
1313 420 1389 457 ³3in

50 484 294 522 altitudinem
325 498 468 535 pressae
501 485 549 523 ad
580 485 841 535 accipiendum
870 485 1053 536 impetum
1072 484 1258 522 fluminis:
1288 483 1389 534 quod

49 547 116 585 ubi
147 548 331 598 appositae
351 548 555 598 crepidinis
585 549 786 600 fastigium
818 548 996 596 excessit,
1017 548 1123 586 urbis
1151 552 1254 585 tecta
1273 547 1386 584 corri-

48 614 167 660 peret,
202 610 276 648 nisi
310 616 438 648 essent
469 624 604 661 specus
641 611 832 662 lacusque,
863 611 930 662 qui
961 610 1191 660 exciperent.
1249 609 1389 648 Coctili

48 673 233 711 laterculo
271 674 409 711 structi
446 679 543 711 sunt.
614 673 755 711 Totum
791 686 886 724 opus
922 673 1110 712 bitumine
1150 673 1386 724 astringitur.

49 735 154 773 Pons
168 736 354 786 lapideus,
374 737 522 774 flumini
541 737 752 787 impositus,
771 736 795 754 ³⁴
807 736 937 788 jungit
954 736 1101 774 urbem.
1139 736 1219 774 Hic
1238 748 1388 787 quoquc

48 797 150 836 inter
178 799 369 836 mirabilia
402 799 574 838 Orientis
607 812 722 849 opera
753 803 975 837 numeratus
1008 804 1090 838 est:
1132 798 1273 849 quippe
1312 795 1387 835 Eu-

47 861 202 910 phrates
239 861 360 899 altum
396 862 531 900 limum
567 862 684 910 vehit,
719 862 830 913 ³⁵quo
863 862 1017 912 penitus
1054 861 1103 899 ad
1139 861 1390 899 fundamenta

56 924 233 972 jacienda
270 929 411 974 egesto,
450 925 517 962 vix
561 925 812 962 suffulciendo
849 925 955 975 operi
998 925 1149 962 firmum
1193 923 1390 974 reperiunt

48 986 179 1024 solum.
238 987 382 1024 Arenae
419 992 546 1025 autem
584 987 745 1025 subinde
784 987 999 1034 cumulatae,
1034 992 1073 1025 et
1106 987 1220 1034 saxis,
1249 986 1389 1037 quibus

46 1061 142 1099 pons
181 1049 405 1097 sustinetur,
445 1062 614 1097 annexae,
658 1055 856 1087 morantur
894 1062 1067 1087 amnem:
1114 1050 1180 1100 qui
1215 1054 1388 1087 retentus

47 1113 187 1162 acrius,
205 1113 322 1163 qutim
342 1112 375 1149 si
394 1112 515 1150 libero
536 1125 650 1150 cursu
668 1117 824 1160 mearet,
845 1111 1023 1149 illiditur.
1080 1112 1222 1150 Arcem
1240 1125 1389 1163 quoque

47 1175 195 1214 ambitu
223 1175 362 1225 viginti
393 1175 521 1213 stadia
557 1175 792 1226 complexam
822 1175 960 1214 habet:
1003 1175 1163 1226 triginta
1194 1175 1312 1225 pedes
1350 1175 1390 1212 in

47 1242 188 1276 terram
225 1239 390 1276 turrium
425 1238 676 1276 fundamenta
712 1238 877 1276 demissa
909 1242 1012 1276 sunt.
1089 1237 1157 1276 Ad
1197 1237 1390 1288 octoginta

48 1314 238 1339 summum
257 1301 484 1339 munimenti
501 1301 701 1352 fastigium
719 1301 904 1351 pervenit.

127 1368 162 1402 5.
193 1364 317 1415 Super
337 1377 473 1412 arcem,
492 1364 694 1415 vulgatum
715 1364 936 1403 Graecorum
954 1364 979 1382 ⁸⁶
991 1363 1131 1402 fabulis
1149 1363 1388 1411 miraculum,

47 1427 212 1478 pensiles
230 1427 332 1466 horti
363 1432 464 1475 sunt,
485 1441 671 1465 summam
689 1440 887 1466 murorum
917 1427 1163 1465 altitudinem
1180 1432 1388 1478 aequantes,

48 1490 331 1541 multarumque
367 1490 547 1528 arborum
579 1490 717 1528 umbra
745 1495 784 1528 et
809 1491 1040 1541 proceritate
1069 1491 1217 1528 amoeni.
1288 1490 1388 1529 Saxo

48 1553 188 1603 ”pi1ae‚
219 1566 306 1603 quae
338 1557 465 1590 totum
499 1565 596 1590 onus
627 1553 831 1600 sustinent,
868 1553 1067 1591 instructae
1095 1558 1196 1590 sunt.
1264 1553 1388 1604 Super

48 1616 147 1666 pilas
166 1615 291 1666 lapide
310 1615 497 1666 quadrato
526 1615 650 1653 solum
670 1620 834 1653 stratum
861 1620 932 1663 est,
951 1615 1102 1666 patiens
1129 1620 1255 1663 terrae,
1275 1628 1389 1666 quam

49 1679 167 1716 altam
185 1679 375 1729 injiciunt,
395 1683 435 1716 et
453 1678 635 1726 humoris,
656 1691 730 1729 quo
749 1679 878 1729 rigant
896 1683 1032 1726 terras,
1052 1677 1222 1729 adeoque
1241 1678 1388 1716 validas

49 1742 201 1780 arbores
237 1741 428 1779 sustinent
457 1741 588 1791 moles,
619 1746 665 1779 ut
696 1741 848 1792 stipites
886 1754 1017 1779 earum
1054 1746 1140 1779 octo
1172 1740 1389 1779 cubitorum

48 1804 216 1856 spatium
245 1803 500 1842 crassitudine
530 1809 694 1855 aequent,
714 1804 754 1841 in
785 1804 1064 1855 quinquaginta
1092 1803 1233 1854 pedum
1259 1803 1388 1841 altitu-

48 1868 176 1906 dinem
205 1867 407 1915 emineant,
428 1872 468 1905 et
497 1867 693 1918 frugiferae
723 1867 831 1919 aeque
861 1867 951 1915 sint,
971 1880 1014 1905 ac
1043 1867 1076 1905 si
1104 1869 1209 1905 terra
1229 1868 1299 1904 sua
1317 1866 1390 1905 ale-

47 1936 190 1969 rentur.
248 1930 314 1980 Et,
341 1931 431 1968 cum
456 1936 627 1968 vetustas
655 1943 731 1968 non
751 1943 866 1981 opera
895 1930 1022 1969 solum
1040 1943 1156 1968 manu
1178 1930 1292 1980 facta,
1321 1930 1389 1968 sed

49 1993 166 2032 etiam
185 1993 308 2044 ipsam
325 1998 503 2031 naturam
521 1993 710 2044 paulatim
730 1993 927 2031 exedendo
939 1993 1126 2044 perimat:
1154 1993 1238 2032 haec
1255 1993 1387 2040 moles,

49 2069 135 2107 quae
164 2060 224 2094 tot
252 2056 431 2094 arborum
459 2055 654 2094 radicibus
683 2056 885 2106 premitur,
906 2056 1082 2107 tantique
1114 2056 1281 2094 nemoris
1299 2069 1388 2107 pon-

50 2119 140 2156 dere
168 2123 324 2156 onerata
342 2123 413 2166 est,
433 2118 619 2157 inviolata
638 2119 773 2157 durat:
803 2119 945 2170 quippe
965 2119 1106 2170 viginti
1132 2118 1205 2157 lati
1221 2120 1389 2170 parietes

50 2181 254 2229 sustinent,
289 2181 469 2219 undecim
513 2182 654 2232 pedum
690 2182 893 2220 intervallo
931 2181 1131 2233 distantes,
1166 2187 1212 2220 ut
1255 2182 1389 2233 procul

56 2243 261 2283 visentibus
281 2243 400 2293 sylvae
417 2244 612 2283 montibus
632 2245 711 2283 suis
739 2246 937 2283 imminere
956 2245 1170 2284 videantur.
1226 2245 1250 2263 ⁸⁸
1266 2245 1388 2295 Syriae

50 2307 198 2357 Regem
217 2305 415 2356 Babylone
441 2312 665 2358 regnantem
683 2308 755 2346 hoc
773 2321 869 2359 opus
888 2321 970 2346 esse
990 2308 1178 2356 molitum,
1197 2306 1389 2345 memoriae

48 2369 244 2421 proditum
271 2373 340 2417 est,
370 2368 398 2387 ⁸’
413 2381 540 2407 amore
559 2371 732 2422 conjugis
758 2371 917 2419 victum,
937 2384 1035 2423 quae,
1057 2370 1246 2409 desiderio
1265 2381 1387 2406 nemo-

49 2446 136 2472 rum
179 2432 446 2484 sylvarumque
490 2432 530 2470 in
573 2434 848 2484 campestribus
893 2434 998 2482 locis,
1035 2433 1161 2472 virum
1206 2431 1389 2482 compulit
