1583 2680
145 121 195 158 84
596 135 778 166 QUINTI
815 134 1016 160 cunni.

142 230 290 264 naturae
318 225 472 276 genium
502 227 722 265 amoenitate
751 226 866 276 hujus
886 225 1011 276 operis
1039 225 1194 264 imitari.
1251 226 1411 265 Diutius
1439 227 1475 265 in

141 288 214 326 hae
244 289 339 327 urbe
371 290 488 340 quam
516 303 678 341 usquam
710 289 883 327 constitit
912 289 1012 337 Rex,
1042 302 1112 326 nec
1138 289 1242 327 ullus
1269 290 1376 328 locus
1406 291 1477 328 dis-

140 351 292 401 ciplinae
322 353 483 390 militari
514 353 637 403 magis
663 353 804 391 nocuit.
864 352 976 390 Nihil
1007 352 1116 390 urbis
1149 354 1232 402 ejus
1260 354 1478 404 corruptius

139 415 322 463 moribus,
341 415 438 453 nihil
466 416 515 453 ad
543 416 750 453 irritandas
780 415 1068 466 illiciendasque
1097 415 1321 453 immodicas
1349 416 1476 466 volup-

139 483 238 515 tates
275 478 510 516 instructius.
587 478 812 517 Convivales
850 478 933 516 ludi
969 481 1055 516 tota
1092 478 1254 516 Perside
1301 479 1477 530 Regibus

138 541 434 592 purpuratisque
465 541 571 579 cordi
601 546 700 580 sunt.
768 541 976 592 Babylonii
1002 541 1167 579 maxime
1196 542 1236 579 in
1263 542 1408 590 vinum,
1438 548 1478 580 et

137 617 222 654 quae
242 604 466 642 ebrietatem
486 610 707 656 sequuntur,
727 605 754 622 ⁴⁰
772 605 883 642 effusi
902 609 1003 643 sunt.
1073 605 1100 622 ⁴¹
1113 605 1373 642 Foeminarum
1394 617 1476 642 con-

137 667 239 704 vivia
257 667 470 705 ineuntium
490 668 529 705 in
547 668 736 718 principio
755 667 952 706 modestus
972 672 1030 705 est
1048 667 1215 716 habitus,
1230 667 1318 705 dein
1331 681 1476 706 summa

136 743 298 781 quoeque
325 731 487 768 amicula
506 735 661 778 exuunt,
681 731 947 781 paulatimque
966 731 1150 781 pudorem
1168 732 1396 780 profanant3
1427 731 1472 767 ad

135 792 315 830 ultimum
347 793 523 842 ⁴²(honos
555 794 712 832 auribus
743 793 899 831 habitus
930 794 996 843 sit)
1029 793 1106 830 ima
1148 806 1350 843 corporum
1377 794 1475 832 vela-

135 860 263 892 menta
281 856 489 906 projiciunt
506 868 514 893 ε
543 869 611 893 nee
630 856 875 894 meretricum
901 856 974 894 hoc
993 856 1158 894 dedecus
1173 862 1233 894 est
1252 857 1320 894 sed
1338 861 1475 894 matro-

134 931 267 956 narum
287 919 555 971 virginumque
585 919 688 970 apud
719 933 814 971 quas
843 920 1002 957 comitas
1030 920 1190 958 habetur
1217 920 1367 971 vulgat-i
1395 933 1473 958 cor-

134 982 238 1031 poris
257 982 399 1020 vilitas.

211 1047 246 1082 6.
278 1045 388 1083 Inter
425 1046 507 1083 haec
542 1045 690 1095 flagitia
726 1045 921 1083 exercitus
957 1045 1024 1083 ille
1061 1045 1228 1083 domitor
1264 1046 1373 1084 Asiae
1406 1059 1475 1096 per

134 1120 255 1145 xxxw
292 1108 374 1145 dies
411 1108 620 1159 saginatus,
659 1108 708 1145 ad
745 1121 789 1145 ea
821 1121 908 1159 quae
946 1108 1204 1159 sequebantur
1242 1109 1471 1159 discrimina,

134 1171 238 1208 haud
258 1171 373 1209 dubie
395 1171 556 1209 debilior
575 1171 728 1209 futurus
747 1170 773 1189 ⁴³
788 1171 876 1219 fuit,
898 1171 931 1209 si
958 1171 1107 1209 hostem
1127 1171 1334 1210 habuisset.
1394 1172 1474 1212 (33)-

133 1236 267 1282 terum,
288 1235 363 1285 quo
383 1234 510 1271 minus
543 1234 723 1272 damnum
753 1234 925 1282 sentiret,
955 1234 1169 1272 identidem
1196 1235 1222 1252 ⁴⁴
1236 1235 1474 1275 incremento

131 1297 353 1335 novabatur.
423 1298 600 1348 Namque
633 1297 659 1314 ⁴⁵
672 1298 863 1348 Amyntas
898 1297 1155 1336 Andromenis
1183 1298 1231 1337 ab
1262 1299 1474 1350 Antipatro

132 1360 387 1398 Macedonum
419 1361 593 1411 peditum
626 1373 694 1398 sex
725 1361 848 1399 millia
881 1361 1069 1399 adduxit:
1112 1362 1341 1413 quingentos
1379 1376 1473 1412 prae·

131 1423 238 1460 terea
259 1423 429 1472 ejusdem
447 1423 598 1473 generis
619 1424 778 1475 equites.
851 1422 946 1462 Cum
966 1423 1026 1461 his
1046 1437 1096 1461 Dc
1118 1424 1300 1473 Thracas,
1322 1425 1472 1475 adjunc-

131 1487 182 1524 tis
215 1486 410 1537 peditibus
445 1500 523 1525 suae
551 1487 677 1538 gentis
708 1486 834 1524 tribus
854 1486 1023 1524 millibus
1054 1492 1093 1524 et
1120 1487 1351 1538 quingentis.
1409 1488 1473 1527 Ex

131 1549 394 1599 Peloponneso
417 1550 672 1587 mercenarius
699 1550 810 1587 miles
841 1549 890 1586 ad
919 1555 1086 1600 quatuor
1105 1550 1228 1588 millia
1256 1551 1473 1601 advenerat,

129 1625 214 1649 cum
235 1625 416 1649 cccnxxx
436 1612 639 1663 equitibus,
712 1612 823 1650 Idem
843 1612 1036 1662 Amyntas
1056 1612 1271 1651 adduxerat
1291 1614 1471 1666 quinqua-

128 1675 235 1726 ginta
253 1675 468 1726 principum
489 1675 727 1714 Macedoniae
747 1675 888 1714 liberos
909 1676 1062 1713 adultos
1083 1676 1132 1714 ad
1161 1677 1373 1715 custodiam
1392 1691 1471 1716 cor-

128 1738 243 1788 poris.
303 1737 455 1789 Quippe
476 1739 577 1777 inter
608 1739 739 1789 epulas
769 1739 810 1776 hi
841 1743 932 1776 sunt
952 1739 1074 1789 Regis
1093 1739 1271 1777 ministri.
1331 1739 1470 1779 Iidem-

128 1814 201 1852 que
222 1815 339 1853 equos
372 1802 523 1839 ineunti
542 1802 717 1852 praelium
737 1802 951 1849 admovent,
980 1807 1258 1853 venantemque
1288 1804 1468 1842 eomitan-

127 1870 203 1912 tur,
224 1870 263 1902 et
282 1865 307 1882 ⁴⁰
325 1864 545 1916 vigiliarum
565 1865 666 1902 vices
697 1870 785 1902 ante
805 1865 971 1903 cubiculi
991 1865 1091 1902 fores
1112 1871 1265 1903 servant
1282 1878 1290 1903 ε
1319 1880 1468 1919 magno-

127 1941 286 1978 rumque
318 1928 595 1966 Praefectorum
629 1933 668 1966 et
699 1927 851 1966 Ducum
883 1928 964 1966 haec
991 1928 1016 1945 ⁴⁷
1032 1928 1268 1967 incrementa
1301 1936 1402 1977 sunt,
1430 1937 1470 1969 ct

128 1991 356 2028 rudimenta.
415 1991 556 2042 Igitur,
579 1991 667 2029 Rex
687 1991 766 2029 arei
787 1991 1015 2042 Babylonia:
1035 1992 1241 2043 Agathone
1261 1993 1469 2044 praesidere

137 2055 256 2104 jusso,
289 2068 373 2091 cum
405 2055 657 2105 septingentis
695 2055 962 2103 Macedonum,
1002 2056 1258 2107 trecentisque
1295 2058 1468 2096 mercede

129 2117 338 2164 conductis,
361 2117 566 2168 Fautores,
586 2119 652 2169 qui
679 2119 824 2169 regioni
845 2118 1086 2169 Babyloniae,
1108 2123 1146 2156 et
1165 2119 1315 2157 civitati
1334 2133 1470 2170 praees-

129 2185 225 2227 sent,
247 2179 439 2217 Mcnctcm
461 2186 498 2217 et
519 2181 798 2230 Apollodorum
828 2181 997 2231 reliquit.
1058 2182 1134 2219 His
1163 2181 1237 2219 duo
1267 2182 1388 2220 millia
1407 2195 1467 2233 pc-

130 2243 255 2281 ditum
285 2256 371 2280 cum
401 2243 504 2281 mille
538 2244 694 2281 talentis
725 2244 824 2281 data.
885 2245 1049 2295 Utrique
1080 2251 1328 2296 praeccptum,
1358 2251 1402 2283 ut
1430 2246 1470 2283 ir.

130 2305 436 2356 supplementum
457 2306 599 2344 milites
629 2307 808 2355 legerent.
870 2306 1056 2345 Mazaeum
1086 2309 1324 2357 transfugam
1344 2308 1469 2346 Satra-

130 2370 193 2420 pia
215 2369 439 2420 Babylonia:-
459 2369 584 2407 donat.
644 2370 925 2419 Bagophancm‚
946 2371 1010 2420 qui
1031 2383 1155 2408 arcem
1185 2370 1408 2418 tradiderat,
1429 2384 1470 2409 se

131 2433 236 2482 sequi
254 2433 381 2483 jussit.
441 2433 625 2471 Armenia
647 2433 833 2471 Mithreni
866 2433 1043 2471 Sardium
1074 2433 1261 2484 proditori
1289 2433 1380 2472 data
1398 2439 1467 2472 cst.
