1583 2680
478 175 634 200 LIBER
670 174 752 199 vx1.
790 174 896 200 cAP.
934 174 1002 198 vx.
1342 163 1412 200 159

70 267 208 319 dignus
237 267 333 305 est.''
387 266 621 315 Alexander,
639 267 806 305 multum
832 265 1044 304 collaudato
1073 264 1303 315 Spitamene,
1332 278 1413 302 eon·

69 343 203 370 versus
221 329 270 368 ad
301 329 478 379 Bessum,
508 333 529 351 “
549 330 710 380 Cujus‚”
742 329 874 382 inquit,
906 329 1036 367 “ferae
1063 328 1188 366 rabies
1215 329 1415 378 occupavit

71 394 239 432 animum
258 398 378 442 tuum,
398 395 488 431 esim
507 393 657 445 Regem
675 394 721 432 de
750 399 788 432 te
816 393 958 444 optime
989 392 1179 440 meritum,
1199 392 1308 441 prius
1336 391 1414 429 vin-

70 457 158 506 cire,
178 457 315 495 deinde
335 456 505 495 occidere
536 457 753 495 sustinuisti
769 457 786 495 ἶ)
840 457 865 475 ²⁰
880 456 956 496 Sed
974 455 1088 506 hujus
1106 455 1303 506 parricidii
1320 468 1415 492 mer--

71 519 200 558 cedem
218 519 317 558 falso
336 520 457 572 Regis
476 520 627 558 nomine
646 519 864 570 persolvisti
881 519 990 558 tibi.”
1026 518 1102 556 Ille
1122 519 1148 537 ²⁷
1161 518 1311 556 facinus
1329 531 1415 567 pur-

69 595 161 633 gare
177 595 254 621 non
271 596 398 631 ausus,
419 583 540 635 Regis
555 583 710 621 titulum
743 596 784 622 se
811 585 1014 633 usurpasse
1040 581 1163 631 dixit3
1192 585 1238 619 ut
1264 586 1415 632 gentem

72 658 179 684 suam
198 645 351 684 tradere
370 646 444 696 ipsi
462 651 589 696 posset
608 659 616 695 ;
648 646 672 664 ²⁸
687 646 753 697 qui
771 646 804 684 si
830 648 1026 694 cessasset,
1046 644 1166 682 alium
1191 643 1311 682 fuisse
1338 656 1416 693 reg-

72 721 163 746 num
193 714 474 759 occupaturum.
545 710 602 748 At
631 709 852 747 Alexander
883 707 1068 748 Oxatrem
1103 707 1261 746 fratrem
1297 705 1416 753 Darii,

71 784 183 822 quem
202 771 303 809 inter
322 771 492 822 eorporis
511 771 690 810 custodes
720 771 893 820 habebat,
912 771 1071 821 propius
1096 770 1212 819 jussit
1231 769 1418 815 accedere,

74 834 249 885 tradique
259 834 422 872 Bessum
431 834 478 883 ei,
486 839 531 872 ut
539 835 642 872 cruci
654 834 816 882 affixum,
825 833 1014 872 mutilatis
1022 833 1174 871 auribus
1181 832 1419 882 naribusque,

74 897 229 948 sagittis
247 898 472 948 configerent
490 896 665 946 Barbari,
685 901 996 947 asservarentque
1023 908 1168 946 corpuS,
1188 899 1234 932 ut
1259 907 1305 932 ne
1333 905 1420 932 aves

75 960 228 1011 quidem
246 960 517 1012 contingerent.
578 959 745 999 Oxatres
777 965 916 999 caetera
944 959 1019 998 sibi
1048 971 1148 997 curae
1166 958 1247 996 fore
1272 956 1421 1007 pollice-

76 1028 139 1060 tur
156 1036 164 1061 ε
193 1035 282 1061 aves
300 1036 376 1060 non
394 1023 442 1061 ab
461 1023 536 1061 alio
556 1024 671 1074 quam
690 1036 712 1060 a
732 1021 874 1061 Catene
901 1034 1012 1072 posse
1043 1021 1239 1072 prohiberi
1265 1019 1420 1070 adjicit3

75 1085 255 1123 eximiam
289 1087 373 1135 ejus
403 1091 526 1123 artem
556 1085 712 1135 cupiens
744 1085 968 1124 ostendere:
1007 1097 1168 1135 namque
1197 1083 1290 1121 adeo
1319 1087 1423 1120 certo

75 1149 158 1186 ictu
184 1147 374 1186 destinata
400 1148 576 1196 feriebat,
596 1152 640 1185 ut
668 1160 756 1186 aves
782 1160 930 1199 quoque
957 1147 1194 1197 ²‘'exciperet.
1251 1145 1364 1184 Nunc
1391 1144 1424 1182 si

77 1211 239 1250 forsitan
257 1211 281 1229 ³⁰
295 1211 507 1263 sagittandi
527 1215 608 1249 tam
627 1210 768 1249 celebri
786 1223 859 1248 usu
883 1211 1011 1248 mimis
1041 1209 1277 1248 admirabilis
1304 1208 1426 1247 videri

78 1273 159 1313 haec
177 1286 240 1312 ars
257 1274 392 1324 possit,
413 1278 541 1312 tamen
568 1275 701 1325 ingens
719 1273 933 1312 visentibus
960 1273 1197 1321 miraculum,
1216 1285 1426 1324 magnoque

79 1337 212 1376 honori
245 1337 381 1376 Cateni
411 1337 498 1376 fuit.
556 1337 667 1376 Dona
699 1337 836 1375 deinde
865 1337 1051 1386 omnibus,
1079 1337 1146 1388 qui
1173 1337 1338 1375 Bessum
1365 1335 1425 1373 ad-

80 1399 279 1450 duxerant,
299 1401 390 1438 data
418 1405 518 1439 sunt.
579 1400 768 1439 Caeterhm
785 1399 1013 1450 supplicium
1032 1401 1114 1450 ejus
1131 1399 1296 1448 distulit,
1316 1403 1360 1437 ut
1382 1411 1426 1436 eo

80 1461 174 1511 loco,
194 1463 235 1500 in
252 1476 326 1514 quo
346 1463 507 1501 Darium
525 1463 604 1514 ipse
624 1463 829 1512 occiderat,
848 1468 1057 1501 necaretur.

163 1525 238 1563 VI.
269 1528 331 1563 23.
362 1525 520 1563 Interea
558 1525 790 1564 Macedones
824 1525 873 1563 ad
910 1526 1117 1576 petendum
1152 1525 1336 1576 pabulum
1374 1524 1427 1561 in-

84 1588 291 1638 composito
311 1588 460 1639 agmine
481 1588 636 1639 egressi,
657 1601 680 1625 a
699 1588 896 1635 Barbarie,
916 1589 983 1639 qui
1013 1588 1060 1626 de
1090 1589 1274 1638 proximis
1293 1587 1426 1625 monti-

85 1650 156 1688 bus
188 1650 450 1697 dccurrerunt,
485 1650 774 1700 opprimuntur;
814 1649 1018 1701 pluresque
1051 1650 1152 1700 capti
1181 1654 1282 1698 sunt,
1311 1651 1428 1700 quiuu

86 1712 211 1750 occisi.
287 1712 451 1750 Barbari
497 1717 636 1763 autem,
673 1713 846 1763 captivos
891 1726 971 1763 prae
1008 1725 1048 1750 sc
1085 1717 1255 1764 agentes,
1291 1713 1428 1750 rurssls

86 1776 127 1813 in
161 1780 329 1813 montem
372 1780 621 1813 recesserunt.
692 1775 848 1826 Viginti
883 1775 1007 1814 millia
1045 1776 1260 1814 ¹latronum
1299 1781 1426 1824 erant;

86 1838 216 1876 fundis
236 1838 464 1889 sagittisque
483 1838 495 1855 ²
509 1851 674 1889 pugnam
690 1838 900 1876 invadunt:
930 1851 1025 1889 quos
1045 1838 1136 1876 dum
1156 1839 1307 1877 obsidet
1328 1839 1428 1887 Rex,

87 1902 187 1940 inter
205 1900 510 1952 promptissimos
542 1901 739 1951 dimicans,
759 1901 903 1953 sagitta
931 1901 1030 1939 ictus
1050 1906 1119 1950 est,
1139 1915 1225 1953 quae
1245 1902 1284 1939 in
1303 1902 1429 1940 medio

88 1978 195 2003 crure
214 1965 292 2002 fixa
309 1964 519 2016 reliquerat
549 1964 747 2015 spiculum.
817 1964 937 2003 Illum
955 1965 1111 2016 quidem
1130 1965 1252 2003 moesti
1274 1971 1314 2003 et
1332 1970 1429 2003 atto·

88 2027 161 2065 niti
198 2027 430 2065 Macedones
469 2027 510 2065 in
546 2032 673 2066 castra
708 2027 940 2066 referebant.
1017 2028 1095 2067 Sed
1133 2041 1200 2066 nec
1238 2027 1430 2067 Barbaros

90 2089 230 2128 fefellit
247 2090 458 2129 subductus
478 2103 527 2128 ex
545 2090 627 2129 acie
646 2090 736 2129 Rex
752 2104 758 2128 :
787 2091 929 2142 quippe
957 2104 1004 2129 ex
1024 2091 1127 2129 edito
1146 2097 1275 2130 monte
1295 2098 1431 2130 cuncta

92 2157 377 2204 prospexerant.
436 2153 575 2205 Itaque
604 2159 756 2205 postero
777 2154 839 2192 die
869 2154 1009 2192 misere
1037 2154 1185 2206 legatos
1204 2155 1253 2193 ad
1273 2155 1431 2205 Regem,

92 2229 185 2268 quos
218 2215 284 2254 ille
316 2215 493 2266 protinus
527 2217 646 2267 jussit
678 2217 854 2266 admitti;
886 2217 1099 2269 solutisque
1135 2219 1263 2256 fasciis
1293 2219 1431 2267 magni-

92 2279 265 2316 tudinem
294 2277 462 2316 vulneris
492 2279 748 2328 dissimulans,
780 2292 867 2318 erus
896 2279 1080 2318 Barbaris
1116 2281 1296 2319 ostendit.
1354 2280 1432 2326 Illi,

101 2342 203 2392 jussi
237 2341 445 2389 considere,
465 2342 662 2391 affirmant,
691 2355 767 2381 non
797 2343 1028 2381 Macedonas
1046 2343 1163 2395 quam
1196 2344 1299 2394 ipsos
1318 2343 1434 2380 fuisse

96 2405 297 2452 tristiores,
331 2405 481 2455 cognito
513 2404 670 2444 vulnere
707 2406 851 2456 ipsius:
893 2408 1003 2456 cujus
1041 2407 1074 2444 si
1107 2411 1302 2444 auctorem
1332 2418 1434 2454 repe-

97 2468 248 2517 rissent,
270 2466 468 2505 dedituros
499 2467 627 2505 fuisse.
688 2467 785 2506 Cum
817 2468 891 2505 diis
922 2469 1021 2506 enim
1042 2481 1210 2520 pugnare
1231 2467 1435 2518 sacrilegos
