1583 2680
437 163 599 189 nisan
634 163 753 190 V111.
793 162 905 188 cnr.
941 161 1007 186 ιν.
1272 200 1275 201 ⁷
1331 149 1400 187 187

57 254 179 302 Quem
206 255 357 293 intuens
385 255 615 304 Alexander,
646 258 669 277 “
684 253 836 306 Ecquid
861 252 1058 305 intelligis,
1091 251 1238 299 miles,’'
1266 252 1402 303 inquit,

55 322 233 370 “quanto
258 318 415 356 meliore
447 322 560 367 sorte,
579 318 696 369 quam
726 317 869 366 Persae,
889 316 960 355 sub
992 315 1099 367 Rege
1126 314 1299 354 vivatis?
1326 315 1403 352 illis

52 381 213 419 enimin
241 380 337 419 sella
359 380 480 432 Regis
513 381 726 418 consedisse
744 379 883 431 capital
913 379 1025 427 foret,
1046 378 1121 417 tibi
1139 377 1257 416 saluti
1287 377 1401 416 fuit.''

53 443 217 482 Postero
246 443 307 481 die
338 443 553 481 convocatis
585 443 714 481 amieis
744 443 1011 494 copiarumque
1040 440 1212 489 ducibus,
1241 453 1403 491 pronun-

53 505 147 543 ciari
175 505 306 556 jussit,
325 505 451 556 ipsum
469 506 597 544 omnia
614 519 698 556 quae
729 505 867 544 amissa
884 508 1010 543 essent
1027 503 1268 542 redditurum
1283 516 1292 552 ;
1326 503 1349 521 ¹⁴
1365 508 1403 540 et

53 569 240 619 promisso
270 568 362 606 fides
395 569 537 607 extitit.
595 569 697 606 Nam
727 567 976 620 Sysimithres
1004 566 1127 605 multa
1159 567 1336 617 jumenta
1364 571 1403 602 et

53 630 279 668 camelorum
311 631 387 669 duo
419 631 542 669 millia
571 631 747 680 adduxit,
779 642 988 682 pecoraque
1023 634 1064 667 et
1099 633 1279 677 armenta,
1317 642 1402 680 quae

53 693 274 743 distributa,
302 694 450 745 pariter
486 694 647 732 militem
683 699 721 732 et
758 693 893 732 damno
926 698 967 732 et
996 693 1096 731 fame
1133 692 1400 731 liberaverunt.

54 757 77 773 ¹³
91 756 180 794 Rex
196 756 361 807 gratiam
380 756 455 795 sibi
486 757 648 795 relatam
666 771 689 794 a
708 756 938 808 Sysimithre
956 755 1150 807 praefatus,
1169 767 1236 793 sex
1256 754 1401 802 dicrum

51 824 157 856 cocta
175 818 318 857 cibaria
335 819 436 858 ferre
454 819 599 857 milites
615 820 744 870 jussit,
766 819 881 858 Sacas
907 823 1040 869 petens
1056 831 1065 856 :
1094 822 1214 856 totam
1231 817 1327 855 hanc
1346 830 1401 854 re-

50 881 201 933 gionem
220 881 487 933 depopulatus,
507 883 668 934 triginta
696 882 820 920 millia
851 894 1028 932 pecorum
1058 893 1106 918 ex
1134 879 1266 931 pracda*-
1299 879 1401 930 Sysi—

52 944 185 982 mithri
205 944 304 983 dono
323 945 400 983 dat.

136 1009 192 1045 16.
221 1007 319 1046 Inde
355 1008 530 1058 pervenit
565 1009 605 1046 in
641 1009 846 1060 regionem,
891 1007 954 1045 cui
993 1006 1185 1058 Oxyartes
1222 1006 1402 1056 Satrapes

50 1069 190 1108 nobilis
207 1076 380 1120 praeerat,
398 1071 464 1122 qui
483 1083 523 1109 se
542 1071 663 1122 Regis
692 1071 881 1122 potestati
906 1070 1069 1122 fideique
1088 1069 1272 1120 permisit.
1328 1067 1402 1106 Ille

49 1134 208 1184 imperio
240 1135 276 1172 ei
312 1134 476 1184 reddito,
511 1134 615 1172 haud
647 1135 824 1185 amplius,
861 1135 976 1185 quam
1011 1138 1055 1170 ut-
1092 1133 1165 1171 duo
1198 1146 1245 1170 cx
1276 1132 1401 1170 tribus

49 1197 138 1235 filiis
157 1210 282 1236 secum
299 1198 524 1247 militarent,
553 1197 688 1249 exegit.
722 1228 725 1229 γ
747 1197 928 1247 Satrapes
948 1196 1064 1234 etiam
1083 1209 1181 1242 eum,
1200 1195 1266 1246 qui
1287 1207 1402 1245 penes

52 1259 178 1310 ipsum
208 1260 506 1312 relinquebatur,
539 1261 669 1299 tradit.
726 1259 902 1299 Barbara
937 1259 1133 1310 opulentia
1170 1258 1400 1306 convivium,

49 1335 122 1374 quo
155 1323 302 1375 Regem
332 1324 553 1375 accipiebat,
583 1324 832 1363 instruxerat.
890 1322 940 1361 Id
967 1325 1051 1360 cum
1077 1321 1203 1360 multa
1221 1321 1401 1360 comitate

49 1385 268 1435 celebraret,
301 1387 493 1425 introduci
525 1387 687 1438 triginta
721 1386 870 1425 nobiles
907 1385 1075 1438 virgines
1099 1385 1234 1435 *jussit
1291 1384 1401 1423 Inter

48 1461 143 1498 quas
172 1454 256 1486 erat
283 1449 362 1487 filia
391 1449 524 1500 ipsius,
544 1449 705 1488 Roxane
734 1449 896 1498 nomine,
918 1448 1059 1486 eximia
1077 1448 1245 1499 corporis
1275 1447 1400 1498 speeie

50 1516 90 1548 et
109 1511 132 1529 ¹⁶
146 1511 282 1549 decore
313 1511 472 1550 habitus
505 1512 546 1549 in
577 1512 762 1550 Barbaris
779 1524 875 1550 raro.
933 1510 1040 1560 Quae,
1059 1512 1273 1562 quanquam
1300 1511 1401 1548 inter

50 1573 191 1611 electas
227 1578 474 1624 processerat,
512 1574 684 1612 omnium
719 1579 850 1611 tamen
885 1573 1013 1611 oeulos
1048 1573 1235 1611 convertit
1270 1573 1310 1611 in
1348 1586 1399 1622 se,

54 1637 219 1674 maxime
256 1636 390 1688 Regis,
430 1636 596 1674 ¹⁷mimis
635 1637 717 1686 jam
752 1635 1027 1686 cupiditatibus
1062 1635 1142 1673 suis
1176 1633 1400 1686 imperantis

50 1699 151 1737 inter
182 1699 362 1751 obsequia
397 1699 576 1748 fortunae,
610 1704 742 1737 cont-ra
770 1712 883 1750 quam
917 1711 994 1736 non
1030 1698 1126 1736 satis
1157 1703 1269 1736 cauta
1303 1711 1399 1737 mor-

51 1761 184 1799 talitas
202 1766 272 1801 est.
327 1761 465 1814 Itaque
494 1762 573 1811 ille,
592 1762 658 1813 qui
689 1775 846 1800 uxorem
864 1761 988 1810 Darii,
1006 1761 1073 1812 qui
1101 1761 1193 1799 duas
1211 1761 1309 1800 filias
1326 1762 1399 1800 vir·

49 1825 173 1876 gines,
191 1825 331 1876 quibus
348 1825 472 1864 forma
490 1830 631 1876 praetcr
658 1826 860 1864 Roxanem
885 1825 1094 1876 comparari
1112 1824 1398 1876 nullapotcrat,

50 1888 154 1926 haud
181 1889 257 1926 alio
276 1888 402 1926 animo
420 1890 536 1940 quam
563 1888 737 1937 parentis
755 1892 976 1940 aspexerat;
1007 1887 1135 1926 ¹⁸tuno
1164 1889 1205 1926 in
1232 1901 1398 1926 amorem

50 1951 297 2003 virgunculae,
318 1951 352 1990 si
369 1952 485 2004 regiae
503 1952 616 2003 stirpi
643 1957 942 2003 compararetur,
970 1951 1161 2003 ignobilis,
1182 1951 1238 1989 ita
1257 1951 1398 1990 effusus

51 2019 122 2064 est,
141 2019 186 2052 ut
214 2015 370 2063 diceret,
389 2015 440 2053 ad
469 2015 743 2054 stabiliendum
772 2028 932 2067 regnum
958 2014 1160 2065 pertinere,
1193 2014 1331 2052 Persas
1358 2020 1398 2053 et

52 2077 284 2116 Macedonas
315 2077 501 2116 connubio
526 2078 660 2130 jungi:
688 2077 760 2116 hoe
778 2090 852 2116 uno
870 2077 982 2116 modo
1000 2082 1040 2115 et
1068 2077 1252 2127 pudorem
1269 2077 1396 2123 victis,

50 2146 92 2178 et
125 2139 339 2191 superbiam
367 2139 575 2180 victoribus
611 2141 761 2180 detrahi
796 2153 927 2191 posse:
967 2139 1158 2178 Achillem
1187 2152 1347 2192 quoque,
1375 2154 1397 2178 a

49 2216 126 2254 quo
144 2215 262 2255 genus
280 2202 361 2253 ipse
381 2202 593 2253 deduceret,
605 2217 691 2242 cum
705 2206 855 2255 captiva
869 2206 1001 2243 coisse.
1057 2203 1120 2241 Ne
1137 2203 1272 2242 inferri
1289 2204 1396 2242 nefas

50 2265 343 2313 arbitrarentur,
378 2266 402 2284 ¹⁹
418 2266 477 2303 ita
508 2267 743 2305 matrimonii
770 2268 857 2317 jure
887 2266 986 2305 velle
1010 2266 1131 2317 jungi.
1194 2265 1395 2317 Insperato

48 2328 189 2380 gaudio
225 2328 338 2367 laetus
370 2333 492 2378 pater,
525 2341 737 2368 sermonem
769 2332 850 2381 ejus
879 2329 1043 2380 excepit:
1085 2334 1125 2367 et
1157 2329 1244 2367 Rex
1272 2328 1394 2366 medio

48 2391 272 2442 cupiditatis
291 2390 427 2429 ardore
455 2391 572 2441 jussit
603 2393 731 2432 afferri
759 2393 884 2444 patrio
902 2405 1006 2431 more
1033 2405 1180 2443 panem,
1201 2391 1285 2440 (hoc
1312 2396 1395 2428 crat

47 2453 149 2504 apud
180 2453 410 2492 Macedonas
440 2454 719 2493 sanctissimum
738 2455 956 2494 coeuntium
988 2455 1141 2506 pignus)
1160 2466 1271 2504 quem
1299 2451 1394 2490 divi-

697 2515 721 2552 9
