1583 2680
97 139 175 176 246
562 148 745 180 QUINTI
784 148 970 174 cearli

96 242 252 279 talentis
273 241 357 279 emi.
417 240 582 279 Plenum
615 254 698 280 esse
727 241 944 281 belluarum
967 254 1094 291 mare3
1125 241 1248 279 ⁶aestu
1277 240 1443 280 secunde

96 318 158 342 eas
177 305 281 354 ferri,
301 319 523 356 magnarum
553 305 708 344 navium
735 319 895 356 corpora
928 310 1146 356 aequantes:
1176 305 1300 343 'truci
1329 309 1445 343 cantu

96 367 301 405 deterritas
322 368 430 419 sequi
463 367 635 416 classem,
657 381 743 406 cum
773 381 910 419 magno
943 367 1106 419 aequoris
1135 367 1311 418 strepitu,
1336 367 1444 406 velut

94 430 267 468 demersa
284 431 447 481 navigia,
469 431 618 469 subisse
639 444 766 483 aquas
823 431 835 448 ⁸
853 430 1004 470 Caetera
1023 431 1158 469 incolis
1179 431 1441 469 crediderant:

94 494 193 532 inter
220 508 306 545 quae
338 495 498 533 rubrum
529 508 645 543 mare,
666 508 743 533 non
772 508 794 532 a
813 494 939 532 colore
968 494 1170 543 undarum,
1191 499 1236 532 ut
1268 493 1444 546 plerique

93 556 303 606 crederent,
326 557 393 595 sed
413 558 460 596 ab
482 557 657 608 Erythra
679 558 788 609 Rege
809 557 1004 608 appellari.
1064 557 1164 595 Esse
1183 557 1287 595 haud
1305 557 1443 608 procul

92 634 113 657 a
151 621 363 658 continenti
400 620 565 657 insulam
611 620 750 671 palmis
788 620 1054 671 frequentibus
1092 620 1289 670 consitam,
1327 625 1366 658 et
1403 620 1443 657 in

92 674 225 720 medio
237 684 316 720 fere
347 696 501 721 nemore
522 682 737 720 columnam
765 682 944 731 eminere,
968 682 1151 732 Erythrae
1171 682 1293 733 Regis
1313 695 1442 720 monu-

91 751 274 794 mentum,
295 746 438 784 litteris
467 746 594 797 gentis
628 748 712 796 ejus
745 745 937 796 scriptam.
1007 745 1270 796 Adjiciebant,
1290 746 1444 797 navigia

91 822 177 859 quae
196 809 295 846 lixas
314 815 621 860 mercatoresque
641 809 850 857 vexissent,
870 809 1012 846 famam
1038 809 1123 846 auri
1143 809 1288 847 secutis
1307 809 1444 860 guber·

90 872 302 920 natoribus,
334 873 374 910 in
407 873 574 910 insulam
606 886 689 911 esse
728 873 964 921 transmissa,
996 886 1065 911 nec
1106 872 1246 911 deinde
1277 872 1351 911 ‘’ab
1382 872 1443 910 his

90 941 225 985 postea
244 936 338 974 visa.
398 936 487 974 Rex
507 937 759 987 cognoscendi
772 936 885 987 plura
905 936 1085 987 cupidine
1100 948 1292 986 accensus,
1305 937 1443 974 rursus

92 1012 156 1036 eos
186 1000 208 1017 ¹⁰
222 1005 365 1037 terram
391 999 519 1050 legere
548 1000 672 1051 jubet,
694 1000 814 1038 donec
847 1000 897 1038 ad
931 999 1173 1051 Euphratem
1205 999 1444 1050 appellerent

91 1062 274 1112 elassem3
317 1063 409 1100 inde
454 1063 614 1102 adverso
649 1076 757 1101 amne
796 1063 1037 1115 Babylonem
1071 1063 1278 1102 subituros.
1349 1062 1441 1114 Ipse

90 1126 217 1164 animo
237 1126 387 1163 infinita
414 1127 638 1177 complexus
672 1132 875 1176 statuerat,
897 1127 1000 1165 omni
1033 1127 1082 1164 ad
1105 1126 1304 1166 Orientem
1329 1126 1441 1164 mari-

91 1189 187 1226 tima
206 1190 363 1240 regione
382 1190 613 1240 perdomita,
635 1203 683 1227 ex
712 1190 827 1240 Syria
856 1194 986 1240 petere
1006 1190 1192 1238 Africam,
1216 1189 1440 1240 Carthagini

90 1253 293 1291 infensus:
342 1254 430 1291 inde
471 1253 670 1292 Numidiae
713 1253 987 1292 solitudinibus
1024 1253 1248 1304 peragram,
1287 1267 1438 1291 cursum

91 1316 220 1355 Gades
252 1317 429 1367 dirigere.
488 1316 553 1354 Ibi
583 1329 746 1367 namque
777 1316 973 1354 columnas
1005 1316 1191 1355 Herculis
1225 1330 1319 1366 esse,
1338 1318 1440 1354 fama

89 1380 323 1430 vulgaverat.
382 1380 593 1430 Hispanias
628 1380 780 1428 deinde,
808 1393 922 1431 quam
956 1380 1128 1418 Iberiam
1166 1380 1293 1419 Graeei
1325 1394 1348 1418 a
1374 1381 1440 1418 flu-

89 1445 189 1482 mine
211 1444 325 1482 111010
345 1443 545 1491 vocabant,
567 1445 592 1461 ¹¹
610 1443 730 1492 adire,
751 1448 790 1481 et
817 1444 1049 1493 praetervehi
1077 1444 1213 1494 AlpeS,
1235 1444 1440 1496 Italiaeque

89 1521 206 1556 oram,
235 1508 338 1546 unde
372 1508 412 1545 in
447 1508 612 1558 Epirum
645 1508 772 1546 brevis
807 1520 941 1545 cursus
977 1513 1047 1546 est.
1105 1508 1235 1559 Igitur
1267 1508 1439 1559 Mesopo-

89 1572 217 1609 tamiae
238 1571 479 1610 Praetoribus
513 1571 726 1622 imperavit,
747 1571 910 1609 materia
930 1571 970 1609 in
1002 1571 1153 1611 Libano
1181 1577 1310 1610 monte
1331 1575 1442 1622 caesa,

90 1635 324 1686 devectaque
345 1635 394 1672 ad
422 1634 554 1673 urbem
583 1635 707 1686 Syriae
739 1635 992 1686 Thapsacum,
1014 1635 1319 1687 octingentarum
1347 1636 1439 1674 eari-

88 1712 156 1736 nas
175 1699 331 1737 navium
350 1712 513 1750 ponere;
545 1699 770 1750 septiremes
789 1712 922 1738 omnes
951 1712 1045 1748 esse,
1067 1699 1281 1752 deducique
1310 1699 1424 1750 Baby

89 1763 214 1801 10110111
233 1775 240 1800 :
273 1762 504 1813 Cypriorum
524 1763 701 1815 Regibus
732 1764 973 1814 imperatum,
993 1769 1038 1801 ut
1067 1777 1132 1812 aes,
1154 1769 1380 1815 stupamque
1401 1769 1441 1802 et

89 1827 174 1865 vela
193 1826 416 1877 praeberent.
476 1827 576 1865 Haee
607 1827 748 1878 agenti,
770 1827 864 1865 Pori
884 1826 923 1864 et
952 1827 1101 1864 Taxilis
1123 1827 1277 1878 Regum
1296 1827 1440 1865 littera}

91 1890 308 1938 traduntur,
348 1890 554 1928 Abisarcm
596 1891 741 1938 morbo,
781 1890 1006 1940 Philippum
1045 1890 1281 1928 Praefcctum
1318 1890 1441 1941 ipsius

89 1967 136 1991 ex
172 1954 330 1992 vulnere
370 1954 573 2002 interiisse,
613 1966 890 2004 oppressosque
927 1953 994 2004 qui
1031 1953 1303 1991 vulnerassent
1341 1967 1437 1991 011111.

91 2016 219 2066 Igitur
241 2017 423 2068 Philippo
454 2017 657 2055 substituit
678 2017 976 2056 Eudaemonem:
1019 2016 1110 2054 Dux
1131 2022 1213 2054 erat
1234 2017 1436 2055 Thracum.

90 2079 268 2117 Abisaris
288 2093 445 2130 regnum
465 2081 542 2119 filio
563 2083 645 2131 ejus
666 2081 856 2119 attribuit.

169 2146 201 2180 3.
246 2143 419 2181 Ventum
458 2149 517 2181 est
555 2145 694 2182 deindo
734 2144 998 2194 Persagadas:
1042 2143 1199 2182 Persica
1237 2149 1295 2182 est
1332 2157 1439 2196 gens,

90 2207 199 2255 eujus
221 2206 404 2256 Satrapes
428 2206 588 2245 Orsines
620 2213 712 2256 erat,
734 2208 936 2246 nobilitate
957 2221 999 2245 ae
1021 2207 1168 2246 divitiis
1189 2208 1290 2246 inter
1309 2221 1440 2246 omnes

90 2269 283 2308 Barbaros
315 2270 495 2307 eminens
555 2270 686 2308 Genus
718 2271 882 2309 ducebat
912 2285 933 2308 a
966 2271 1079 2321 Cyro,
1109 2271 1301 2323 quondam
1330 2271 1439 2324 Rege

89 2333 307 2371 Persarum.
368 2333 472 2384 Opes
507 2339 545 2371 et
579 2348 599 2371 a
632 2335 842 2383 majoribus
876 2335 1039 2373 traditas
1076 2334 1253 2383 habebat,
1286 2340 1324 2373 et
1357 2335 1438 2386 ipse

87 2396 202 2448 longa
231 2397 382 2448 imperii
415 2397 652 2447 possessione
673 2398 944 2436 cumulaverat.
1005 2399 1048 2437 Is
1078 2398 1180 2450 Regi
1210 2411 1296 2436 eum
1316 2399 1437 2437 omnis

87 2461 237 2512 generis
257 2461 377 2509 1101113,
398 2475 472 2499 11011
504 2461 576 2512 ipsi
610 2461 721 2500 mod-‘1
745 2476 800 2510 en,
822 2463 888 2501 sed
918 2463 1033 2501 etiam
1065 2462 1197 2500 amicis
1217 2463 1300 2512 ejus
1329 2462 1420 2500 datu
