1583 2680
194 147 244 183 72
652 157 842 186 QUINTI
876 157 1063 182 cun'ru

189 254 294 288 catos
331 250 421 301 ergo
459 249 591 300 spoliis
635 249 776 287 nostris
812 249 1112 288 trucidabimus:
1158 249 1360 302 eademque
1395 264 1456 290 res
1493 257 1532 290 et

190 325 304 350 causa
323 312 494 351 victoriae
512 313 598 361 erit,
619 318 657 350 et
686 313 845 350 fructus.
903 311 1016 357 Quod
1042 312 1076 351 si
1102 326 1215 364 quem
1233 326 1253 351 e
1271 314 1378 353 vobis
1396 327 1532 353 nomen

185 375 309 425 gentis
328 381 463 425 movet,
485 376 626 428 cogitet
647 376 898 414 Macedonum
923 375 1005 413 illic
1035 389 1139 414 arma
1158 389 1249 425 esse,
1268 390 1343 415 non
1362 390 1527 428 corpora.

185 438 355 476 Multum
375 440 474 476 enim
493 439 688 490 sanguinis
720 439 879 478 invicem
906 438 1112 488 hausimus,
1133 444 1172 477 et
1201 453 1346 490 semper
1376 440 1530 491 gravior

184 500 222 538 in
257 502 450 552 paucitate
483 504 634 552 jactura
671 506 738 540 est.
810 501 911 539 Nam
946 501 1169 540 Alexander
1204 508 1528 553 quantuscumque

181 563 330 615 ignavis
350 570 390 603 et
408 566 554 604 timidis
581 565 704 604 videri
731 569 868 616 potest,
890 578 1008 603 unum
1030 566 1055 584 ¹⁴
1067 566 1208 603 animal
1236 571 1306 614 est,
1327 569 1365 603 ct
1383 565 1415 603 si
1434 565 1528 616 quid

181 627 275 664 mihi
312 628 481 677 creditis,
519 628 762 666 temerarium
799 633 838 666 et
873 640 1017 677 vecorS,
1055 628 1180 666 adhuc
1214 633 1344 666 nostro
1376 641 1526 678 pavore,

179 691 295 739 quum
330 694 401 729 suzi
438 691 595 740 virtute,
632 691 794 729 felicius.
863 691 975 729 Nihil
1004 695 1133 729 autem
1168 696 1295 742 potest
1327 704 1409 729 esse
1446 691 1526 728 diu-

179 756 343 801 turnum,
365 754 389 771 ¹⁵
407 753 467 790 cui
487 767 564 791 non
583 754 714 791 subest
732 753 842 791 ratio.
900 753 1012 790 Licet
1030 754 1196 791 felicitas
1216 754 1384 804 aspirare
1399 753 1524 791 videa-

180 817 254 862 tur,
288 815 449 853 ¹⁶tamen
487 815 536 852 ad
571 815 748 853 ultimum
780 815 989 853 temeritati
1019 829 1096 854 non
1128 816 1273 854 sufficit.
1329 816 1526 854 Praeterea

177 877 310 915 breves
348 882 386 915 et
415 878 619 917 mutabiles
652 878 754 917 vices
786 891 914 916 rerum
945 882 1048 927 sunt,
1081 883 1121 916 et
1149 879 1304 917 fortuna
1329 881 1525 930 nunquam

178 940 201 956 ¹⁷
213 939 437 990 simpliciter
455 940 637 992 indulget.
693 941 874 979 Forsitan
901 943 959 979 ita
987 941 1055 979 Dii
1080 942 1161 979 fata
1180 942 1461 990 ordinaverunt,
1480 946 1524 979 ut

177 1002 383 1041 Persarum
402 1003 605 1054 imperium
638 1004 740 1055 quod
770 1005 934 1042 secundo
954 1017 1068 1042 cursu
1093 1018 1162 1056 per
1181 1017 1312 1043 ccxxx.
1333 1017 1449 1042 annos
1475 1004 1523 1042 ad

176 1078 367 1104 summum
385 1067 585 1117 fastigium
604 1071 818 1115 evexerant,
836 1080 972 1118 magno
1000 1071 1109 1104 motu
1127 1071 1368 1105 concuterent
1387 1066 1521 1116 magiS,

175 1130 291 1180 quum
328 1130 548 1181 affligerent,
587 1129 907 1179 admonerentque
950 1142 1021 1167 nos
1065 1129 1290 1181 fragilitatis
1334 1129 1520 1178 humanae,

175 1193 283 1241 cujus
315 1192 435 1229 nimia
467 1192 507 1229 in
538 1192 728 1242 prosperis
759 1191 874 1230 rebus
905 1191 1047 1231 oblivio
1075 1197 1142 1230 est.
1200 1191 1353 1230 18Μοᾶὸ
1373 1191 1520 1231 Graecis

173 1255 277 1292 ultro
309 1255 452 1294 bellum
485 1255 762 1294 inferebamus:
801 1267 899 1293 nunc
931 1255 971 1293 in
1003 1255 1160 1294 sedibus
1191 1255 1333 1293 nostris
1368 1255 1519 1306 propul-

174 1331 301 1356 samus
320 1318 483 1357 illatum.
540 1318 743 1357 Jaetamur
772 1319 934 1357 invicem
953 1319 1141 1357 varietate
1170 1319 1342 1358 fortunae.
1400 1318 1516 1357 Vide-

172 1381 262 1419 licet
294 1381 496 1432 imperium
514 1381 617 1432 quod
648 1382 780 1420 mutuo
809 1381 1040 1430 affectamus,
1068 1395 1144 1420 una
1175 1395 1270 1433 gens
1297 1394 1374 1420 non
1404 1381 1515 1432 capit.

175 1443 375 1493 Caeterum,
396 1445 546 1483 etiamsi
579 1458 664 1496 spes
695 1457 770 1483 non
799 1444 984 1493 subesset,
1003 1445 1210 1483 necessitas
1229 1449 1358 1482 tamen
1387 1444 1516 1483 stimu-

171 1506 250 1544 lare
282 1507 446 1546 deberet.
503 1507 569 1546 Ad
602 1512 772 1546 extrema
802 1513 1029 1558 perventum
1059 1513 1127 1546 est.
1184 1507 1352 1545 Matrem
1381 1520 1515 1556 meam,

172 1570 266 1608 duas
303 1571 411 1620 filias,
451 1571 600 1611 Ochum
637 1572 677 1609 in
715 1584 820 1621 spem
855 1571 970 1621 hujus
1005 1571 1159 1622 imperii
1187 1570 1371 1622 genitum,
1406 1569 1516 1608 illam

171 1634 337 1672 sobolem
367 1634 482 1686 regico
513 1634 658 1685 stirpis,
688 1634 777 1673 illos
806 1634 1006 1686 principes,
1042 1635 1156 1673 duces
1186 1638 1335 1673 vestros
1363 1633 1515 1685 Regum

170 1697 302 1746 instar,
323 1698 469 1736 vinctos
488 1698 624 1737 habet:
655 1699 678 1716 ¹⁹
688 1698 764 1736 nisi
782 1698 885 1750 quod
902 1698 943 1736 in
961 1698 1069 1737 vobis
1089 1702 1159 1747 est,
1180 1698 1260 1748 ipsc
1284 1710 1353 1750 ego
1371 1699 1514 1747 majore

170 1764 276 1810 parte
307 1761 381 1798 mci
413 1761 588 1811 captivus
615 1774 709 1800 sum.
767 1761 919 1811 Eripite
947 1760 972 1779 ²⁰
990 1761 1135 1799 viscera
1161 1773 1245 1798 mea
1271 1773 1319 1798 ex
1337 1759 1512 1804 vinculis,

168 1824 364 1862 restituite
382 1824 477 1862 mihi
505 1824 678 1876 pignora,
705 1837 774 1874 pro
793 1823 933 1875 quibus
961 1824 1041 1873 ipse
1068 1823 1167 1861 mori
1195 1835 1270 1860 non
1289 1836 1432 1872 recuso,
1451 1837 1512 1873 pa-

169 1892 326 1937 rentem,
347 1887 500 1936 liberos,
519 1900 605 1925 nam
625 1888 825 1939 conjugem
852 1887 892 1924 in
919 1886 987 1925 illo
1007 1899 1155 1925 carcerc
1175 1886 1295 1925 amisi.
1354 1886 1512 1926 Credite

168 1963 266 1987 nunc
303 1963 428 1988 omncs
465 1950 534 1988 hos
566 1950 724 1988 tendere
761 1950 811 1988 ad
842 1962 908 1987 vos
939 1962 1086 1997 manus,
1125 1949 1330 2000 implorare
1366 1950 1511 2000 patrios

169 2012 288 2061 Deos3
320 2027 428 2063 opem
446 2018 626 2062 vestram,
654 2012 966 2060 miscricordiam,
985 2012 1097 2050 fidem
1125 2025 1337 2063 exposcere.
1366 2017 1410 2049 ut
1437 2025 1510 2050 ser·

167 2074 303 2122 vitute,
323 2079 366 2112 ut
389 2075 641 2126 compedibus,
661 2079 706 2113 ut
724 2075 748 2092 ²¹
764 2074 932 2125 precario
952 2073 1056 2112 victu
1075 2073 1176 2123 ipsos
1206 2073 1387 2112 liberetis.
1443 2074 1509 2111 An

168 2137 324 2175 creditis
343 2151 450 2187 aequo
469 2138 593 2176 animo
614 2138 662 2175 iis
682 2137 835 2185 servire,
854 2149 1013 2187 quorum
1029 2137 1157 2187 Reges
1176 2149 1256 2174 esse
1275 2135 1510 2175 fastidiunt?

168 2199 293 2238 Video
327 2200 519 2238 admoveri
552 2200 719 2238 hostium
750 2199 892 2238 aciem:
921 2199 987 2238 sed
1018 2201 1092 2249 quo
1121 2199 1276 2249 propius
1308 2199 1510 2237 discrimen

168 2263 317 2311 accedo,
338 2263 407 2300 hoc
427 2264 550 2300 minus
570 2262 641 2311 his,
661 2277 745 2314 qua)
765 2263 855 2309 dixi,
876 2276 1025 2312 possum
1046 2276 1126 2299 csso
1146 2266 1353 2301 contentus.
1384 2263 1408 2279 ⁹²
1421 2261 1508 2309 Per,

169 2341 237 2379 ego
253 2340 330 2375 vost,
350 2327 452 2365 Deos
471 2326 627 2377 patrios,
648 2333 906 2377 aeternumque
928 2326 1063 2377 iguem,
1083 2326 1149 2377 qui
1167 2326 1370 2376 praesertur
1381 2324 1508 2362 altari-

167 2391 237 2432 bus
250 2393 512 2444 fulgoremque
532 2393 623 2431 solis
640 2393 740 2430 iutra
759 2393 848 2430 fines
861 2391 963 2442 regui
978 2391 1050 2428 moi
1067 2391 1236 2439 orientis,
1249 2404 1314 2441 por
1329 2394 1509 2429 {eternam

169 2458 388 2495 memoriam
421 2456 525 2508 Cyri,
556 2457 622 2508 qui
655 2457 873 2507 ademptum
914 2455 1040 2493 Medis
1078 2454 1271 2506 Lydisque
1309 2452 1508 2505 imperium
