1583 2680
460 157 619 183 LIBER
656 156 736 182 111.
778 156 887 182 car.
927 156 994 181 XI.
1345 146 1395 181 25

55 249 193 302 quibus
223 253 398 300 praeerat,
426 254 513 288 ante
546 250 668 300 ipsum
700 261 851 286 currum
882 247 1002 300 Regis
1034 247 1184 298 objecit,
1214 247 1329 284 armis
1359 252 1396 285 et

55 313 188 351 robore
207 313 374 363 corporis
393 312 561 350 multum
579 324 693 362 super
707 316 866 350 caeteros
894 311 1076 359 eminens,
1096 310 1220 349 animo
1238 311 1330 349 vcro
1358 315 1397 348 et

52 376 196 425 pietate
218 376 242 393 ¹¹
259 375 298 412 in
316 375 580 425 paucissimis,
610 374 677 413 illo
695 373 828 425 utique
845 373 976 425 praelio
991 373 1129 421 clarus,
1149 373 1245 410 alios
1263 372 1397 422 impro-

52 437 140 476 vide
154 437 339 475 instantes
356 429 576 488 prostravit,
596 437 692 476 alios
707 437 745 475 in
757 437 887 488 fugam
899 436 1047 475 avertit.
1086 436 1144 474 At
1158 435 1396 484 Macedones,

52 501 118 552 qui
145 501 247 539 eirca
276 501 422 552 Regem
450 506 569 549 erant,
588 504 724 538 mutua
751 499 1018 538 adhortatione
1035 499 1186 547 firmati,
1207 511 1294 536 cum
1315 499 1396 549 ipso

51 577 90 601 m
109 563 278 614 equitum
298 577 430 615 agmen
449 564 671 613 irrumpunt.
729 563 827 601 Tum
844 563 934 601 vero
954 562 1092 600 similis
1110 561 1231 601 ruinae
1251 566 1397 613 strages

52 631 141 666 erat.
213 625 323 665 Circa
355 638 508 664 currum
539 625 651 664 Darii
678 625 857 675 jacebant
888 625 1119 664 nobilissimi
1155 625 1280 672 duces,
1311 630 1397 661 ante

51 688 180 726 oculos
217 688 337 740 Regis
378 689 534 740 egregia
569 693 689 726 morte
725 687 905 737 defuncti,
943 700 1074 726 omnes
1111 687 1152 725 in
1179 701 1246 725 ora
1272 688 1395 737 proni,

53 751 152 789 sieut
184 751 406 789 dimicantes
437 751 730 802 procubuerant,
765 752 791 770 ¹²
805 751 964 790 adverso
992 763 1148 802 corpore
1175 750 1398 789 vulneribus

53 814 229 864 acceptis.
286 814 393 852 Inter
419 814 488 853 hos
507 815 678 865 AtizyeS‚
699 819 739 852 et
752 814 1032 863 Rheomithres,
1054 819 1094 852 et
1114 814 1275 853 Sabaces
1294 813 1397 852 Prae-

54 886 114 914 tor
147 877 321 928 AEgypti,
353 890 577 928 magnorum
608 877 844 915 exercituum
874 877 1060 927 praefecti,
1088 877 1396 915 noscitabantur:

53 939 155 977 circa
173 952 237 977 eos
257 939 448 977 cumulata
479 945 561 978 erat
592 939 764 990 peditum
790 939 1030 991 equitumque
1057 940 1251 978 obscurior
1270 940 1396 979 turba.

54 1002 305 1040 Macedonum
335 1015 495 1053 quoque,
526 1015 602 1040 non
627 1002 781 1053 quidem
811 1002 936 1050 multi,
956 1002 1024 1040 sed
1050 1003 1324 1053 promptissimi
1344 1007 1396 1040 ta-

53 1078 151 1114 men,
171 1065 259 1104 caesi
277 1070 374 1103 sunt.
443 1064 551 1103 Inter
577 1078 671 1115 quos
690 1065 905 1103 Alexandri
924 1065 1101 1103 dextrum
1120 1066 1242 1104 femur
1263 1066 1398 1104 leviter

53 1141 228 1166 mucrone
249 1129 274 1146 ¹³
289 1127 533 1178 perstrictum
551 1132 619 1166 est.

133 1194 194 1229 27.
224 1191 403 1242 Jamque,
435 1191 502 1243 qui
533 1190 695 1229 Darium
726 1190 913 1229 vehebant
946 1191 1034 1242 equi
1065 1191 1228 1229 confossi
1264 1191 1396 1239 hastis,

52 1259 92 1293 et
123 1253 250 1292 dolore
282 1254 441 1303 efferati,
469 1255 604 1306 jugum
634 1258 799 1305 quatere,
829 1258 868 1291 et
900 1254 1048 1306 Regem
1079 1267 1193 1292 curru
1223 1260 1398 1292 excutere

53 1322 243 1368 coeperant
260 1330 268 1356 ε
298 1319 386 1355 cnm
403 1317 483 1366 ille,
501 1317 646 1356 veritus
665 1330 713 1355 ne
731 1317 841 1356 vivus
864 1317 1012 1356 veniret
1031 1317 1070 1355 in
1087 1317 1257 1356 hostium
1274 1324 1398 1369 potes-

54 1385 184 1429 tatem,
205 1380 346 1429 desilit,
366 1385 404 1418 et
422 1380 462 1418 in
481 1393 629 1431 equum,
648 1380 714 1431 qui
734 1381 759 1398 ¹⁴
775 1379 825 1418 ad
842 1379 913 1418 hoc
932 1380 1058 1431 ipsum
1076 1381 1318 1432 sequebatur,
1333 1381 1399 1418 im-

52 1443 230 1493 ponitur:
275 1443 489 1495 insignibus
524 1456 673 1495 quoquc
710 1443 882 1494 Imperii,
918 1456 967 1482 ne
1010 1443 1141 1495 fugam
1184 1444 1398 1495 proderent,

53 1506 228 1545 indecore
249 1507 417 1557 abjectis.
475 1507 576 1545 Tum
594 1507 684 1545 vero
702 1506 831 1545 caeteri
860 1506 1093 1558 dissipantur
1111 1513 1240 1557 metu,
1270 1512 1309 1546 et
1325 1509 1399 1559 qua

54 1569 187 1620 cuique
216 1570 374 1620 patebat
403 1569 453 1606 ad
484 1569 614 1620 fugam
632 1570 706 1618 via,
726 1574 937 1620 erumpunt,
955 1583 1062 1608 arma.
1089 1570 1289 1620 jacientes,
1317 1584 1401 1622 quae

55 1632 169 1682 paulo
202 1633 290 1670 ante
325 1632 374 1670 ad
402 1631 561 1670 tutelam
590 1644 790 1682 corporum
816 1637 1079 1683 sumpserant:
1120 1634 1146 1651 ¹⁵
1161 1633 1254 1671 adeo
1285 1647 1400 1684 pavor

55 1695 174 1733 etiam
211 1695 359 1733 auxilia.
397 1695 587 1733 formidat.
644 1694 820 1734 Instabat
845 1695 1081 1747 fugientibus
1109 1708 1223 1747 eques
1249 1709 1272 1734 a
1308 1696 1399 1734 Par-

54 1758 226 1796 menione
255 1757 412 1808 missus,
431 1762 472 1796 et
498 1758 598 1796 forte
625 1757 666 1796 in
698 1757 740 1796 id
767 1771 884 1796 cornu
901 1771 1030 1797 omnes
1055 1758 1148 1810 fuga.
1175 1759 1398 1798 abstulerat.

55 1821 112 1859 At
130 1821 170 1859 in
198 1821 344 1870 dextro,
364 1821 494 1860 Persae
524 1820 728 1860 Thessalos
757 1821 905 1873 equites
931 1821 1176 1860 vehementer
1202 1822 1397 1874 urgebant.

55 1884 220 1937 Jamque
250 1898 325 1923 una
342 1884 405 1923 ala
435 1885 518 1935 ipso
545 1885 690 1936 impetu
715 1885 933 1936 proculcata
960 1891 1054 1935 erat,
1075 1886 1101 1904 ¹⁶
1116 1887 1206 1924 cum
1226 1886 1399 1924 Thessali

55 1947 206 1998 dilapsi,
225 1949 378 1986 strenue
411 1947 650 1986 circumactis
681 1949 798 2000 equis,
818 1962 948 1988 rursus
975 1949 1016 1987 in
1033 1949 1207 2000 praelium
1224 1949 1399 1998 redeunt,

56 2023 277 2062 sparsosque
308 2016 348 2050 et
379 2011 650 2062 incompositos
667 2012 840 2052 victoriae
864 2012 1005 2051 fiducia¹
1032 2013 1224 2052 Barbaros
1253 2013 1400 2065 ingenti

55 2073 157 2112 caede
174 2078 430 2124 prosternunt.
487 2074 590 2126 Equi
615 2075 762 2126 pariter
780 2075 1000 2128 equitesque
1027 2076 1242 2126 Persarum,
1264 2078 1289 2095 ¹⁷
1304 2077 1400 2115 serie

55 2134 279 2175 laminarum
305 2150 452 2189 graves,
483 2138 667 2190 ¹⁸agmen‚
695 2139 797 2191 quod
825 2139 1017 2178 celeritate
1045 2140 1212 2178 maxime
1240 2145 1399 2184 constat,

55 2200 156 2249 aegre
175 2200 453 2240 moliebantur:
480 2201 620 2252 quippe
651 2202 693 2240 in
722 2202 1020 2255 circumagendis
1040 2203 1147 2254 equis
1175 2203 1254 2241 suis
1284 2203 1399 2241 Thes-

57 2262 128 2299 sali
146 2262 285 2301 multos
303 2270 590 2315 occupaverant.
660 2265 747 2303 Hac
764 2271 846 2303 tam
856 2268 1040 2318 prospera
1057 2268 1185 2319 pugna
1204 2266 1398 2312 nunciata,

57 2324 280 2363 Alexander
303 2338 379 2364 non
408 2327 496 2365 ante
525 2341 640 2366 ausus
671 2329 849 2381 persequi
879 2329 1075 2378 barbaros,
1103 2329 1292 2379 utrimque
1318 2329 1398 2377 jam

58 2387 179 2426 victor
197 2387 339 2426 instare
357 2388 598 2440 fugientibus
616 2391 739 2442 coepit.
796 2391 915 2431 Haud
933 2392 1100 2443 amplius
1118 2392 1265 2443 Regem
1283 2392 1396 2441 quam

57 2450 161 2489 mille
180 2451 324 2503 equites
354 2452 614 2503 sequebantur,
635 2455 724 2492 clim
753 2455 882 2506 ingens
911 2455 1117 2494 multitudo
1147 2453 1313 2492 hostium
1341 2466 1395 2491 ca-
