1583 2680
546 197 710 223 LIBER.
748 197 819 223 lx.
862 198 973 223 ezir.
1015 198 1056 223 x.
1401 189 1477 225 243

138 287 217 325 cati
249 300 296 326 ne
333 288 522 339 respicere
557 289 710 340 quidem
743 303 830 328 suos
863 289 1112 339 sustinebant,
1148 289 1413 328 misericordia
1450 291 1488 328 in

139 351 384 390 formidinem
402 355 524 391 versa.
581 352 650 390 Illi
681 353 806 391 relicti
826 355 837 372 ⁷
853 353 954 392 Deos
983 358 1114 402 testes,
1134 366 1240 392 sacra
1265 354 1487 401 communia,

140 413 335 465 Regisque
364 415 619 465 implorabant
650 428 770 466 opem.
828 416 1002 468 Cumque
1032 417 1178 454 frustra
1209 416 1346 455 surdas
1374 429 1485 454 aures

137 476 358 528 fatigarent,
393 478 434 515 in
462 478 605 517 rabiem
640 478 905 529 desperatione
937 479 1049 528 versi,
1069 492 1199 530 parem
1231 492 1299 518 suo
1328 479 1486 527 exitum,

138 539 354 592 similesque
386 541 482 591 ipsis
515 541 656 580 amicos
689 547 728 579 et
758 542 1045 581 contubernales
1072 542 1335 594 precabantur.
1402 541 1489 580 Rex

138 603 267 642 dolore
297 604 413 641 simul
441 610 481 642 et
506 605 650 655 pudore
681 606 828 653 anxius,
848 605 937 656 quia
970 618 1082 644 causa
1110 610 1230 644 tantae
1261 605 1382 643 eladis
1410 606 1488 655 ipse

139 672 252 715 esset,
297 667 346 704 ad
389 667 716 718 Phrataphernem
754 668 987 707 Parthorum
1025 668 1224 720 Satrapem
1264 668 1385 717 misit,
1423 667 1488 719 qui

146 729 303 779 juberet
323 730 477 768 camelis
505 735 611 769 cocta
631 731 775 769 cibaria
807 731 950 770 afferre.
1006 731 1118 770 Alios
1136 744 1285 783 quoque
1314 731 1488 769 finitima-

138 806 223 830 rum
259 793 455 844 rcgionum
490 795 703 844 praefeetos‚
742 794 921 832 certiores
950 794 1214 832 ‘’necessitatis
1253 807 1332 833 suae
1368 794 1486 832 fecit:

140 857 234 894 ”nec
263 862 452 895 cessatum
486 863 545 895 est
573 857 620 895 ab
639 857 708 895 his.
765 857 903 908 Itaque
930 858 1030 896 fame
1059 857 1248 896 duntaxat
1274 857 1490 896 vindicatus

139 919 342 968 exercitus,
381 920 533 958 tandem
570 921 609 958 in
647 920 842 959 Gedrosiae
875 921 966 958 fines
1003 921 1237 971 perducitur.
1309 920 1490 961 Omnium

139 996 267 1021 rerum
286 983 366 1022 sola
382 984 524 1021 fertilis
554 983 659 1035 regio
679 989 750 1032 est,
772 984 811 1021 in
829 987 905 1035 qua
935 985 1075 1022 stativa
1103 984 1251 1033 habuit,
1269 988 1315 1022 ut
1333 988 1490 1023 vexatos

139 1046 284 1084 milites
315 1046 443 1097 quiete
472 1047 652 1084 firmaret.
720 1047 802 1085 HIc
835 1047 998 1084 Leonati
1023 1047 1175 1084 litteras
1217 1047 1368 1098 accipit,
1406 1059 1490 1084 con-

138 1109 283 1147 flixisse
300 1109 428 1159 ipsum
446 1122 531 1146 cum
549 1114 633 1148 octo
652 1109 821 1147 millibus
855 1109 1040 1160 peditum,
1063 1114 1101 1147 et
1119 1109 1336 1161 quingentis
1355 1109 1489 1161 equiti-

138 1172 210 1212 bus
245 1171 456 1220 Oritarum,
489 1185 668 1223 prospero
697 1178 847 1211 eventu.
903 1173 943 1210 A
974 1172 1132 1212 Cratero
1160 1186 1306 1224 quoque
1332 1172 1490 1210 nuncius

140 1235 257 1284 venit,
296 1234 478 1275 Orzinem
515 1240 555 1273 et
602 1236 824 1286 Zariaspem
867 1235 1014 1274 nobiles
1060 1235 1201 1274 Persas
1237 1235 1489 1274 defectionem

139 1299 340 1337 molientes
358 1311 557 1349 oppressos
577 1311 600 1336 a
618 1311 668 1348 se,
689 1299 731 1336 in
748 1298 911 1337 vinculis
930 1311 1023 1336 esse.

220 1365 280 1400 35.
311 1361 527 1412 Praeposito
557 1362 678 1413 igitur
709 1361 855 1414 regioni
886 1361 1059 1401 Siburtio
1095 1362 1272 1414 (namque
1309 1362 1488 1400 Memnon

140 1425 352 1464 Praefectus
385 1426 468 1475 ejus
500 1438 620 1476 nuper
653 1425 853 1463 interierat
890 1425 1034 1477 morbo)
1069 1425 1110 1462 in
1139 1424 1381 1464 Carmaniam
1407 1425 1489 1476 ipsc

139 1488 332 1539 processit.
388 1489 574 1538 Aspastes
592 1493 673 1527 erat
692 1488 874 1539 Satrapes
901 1489 1037 1540 gentis,
1057 1493 1253 1538 suspectus
1272 1501 1332 1526 res
1350 1501 1489 1527 novare

139 1551 305 1589 voluisse
324 1550 415 1588 dum
448 1551 490 1588 in
522 1551 638 1589 India
666 1551 754 1589 Rex
782 1556 894 1590 esset.
952 1550 1076 1596 Quem
1093 1555 1362 1600 occurrentem,
1382 1551 1487 1589 dissi-

139 1614 285 1652 mulata
322 1613 392 1662 ira,
424 1614 583 1652 comiter
619 1614 822 1662 allocutus,
860 1613 952 1651 dum
971 1613 1205 1663 exploraret
1240 1618 1326 1664 quae
1362 1614 1488 1652 delata

141 1682 261 1726 erant,
282 1677 321 1714 in
353 1676 483 1715 eodem
511 1676 651 1715 honore
681 1676 826 1714 habuit.
885 1675 986 1715 Cum
1013 1675 1136 1714 Indiae
1167 1675 1347 1714 Praefecti
1376 1676 1490 1726 (sicut

140 1741 367 1791 imperatum
400 1742 497 1791 erat)
530 1753 722 1791 equorum,
751 1741 1078 1789 jumentorumque
1107 1738 1295 1790 jugalium
1330 1739 1409 1777 vim
1436 1739 1489 1777 in-

139 1809 302 1856 gentem,
337 1817 384 1841 ex
415 1803 529 1852 omni,
562 1816 648 1854 quae
681 1802 752 1841 sub
785 1802 946 1853 imperio
976 1807 1071 1851 erat,
1100 1803 1250 1854 regione
1282 1802 1488 1851 misissent,

140 1867 277 1919 quibus
295 1867 451 1905 deerant
469 1866 750 1918 impedimenta,
769 1866 954 1904 restituit.
1022 1867 1146 1904 Arma
1163 1879 1310 1917 quoque
1328 1865 1377 1903 ad
1396 1866 1489 1916 pris-

142 1931 264 1968 tinum
295 1931 438 1969 refecta
467 1935 557 1969 sunt
594 1929 763 1968 cultum:
804 1929 944 1980 quippe
975 1928 1077 1967 haud
1108 1929 1240 1979 procul
1277 1942 1299 1966 a
1331 1928 1489 1967 Perside

140 1994 308 2042 aberant,
341 2007 418 2032 non
448 1996 586 2044 pacata
621 1993 734 2031 modo
767 1992 835 2031 sed
864 1992 979 2030 etiam
1011 1991 1200 2042 opulenta.
1272 1991 1401 2044 Igitur
1429 1993 1490 2042 (ut

141 2057 256 2107 supra
275 2057 421 2094 dictum
439 2059 511 2108 est)
531 2056 734 2096 aemulatus
762 2055 893 2094 Patris
925 2055 1058 2093 Liberi
1075 2067 1149 2092 non
1167 2054 1329 2106 gloriam
1349 2055 1488 2104 solum,

142 2134 255 2171 quam
294 2133 343 2158 ex
377 2119 458 2157 illis
499 2119 681 2172 gentibus
716 2119 995 2169 deportaverat,
1036 2117 1104 2156 sed
1141 2118 1256 2156 etiam
1291 2118 1488 2167 insaniam,

144 2183 240 2233 (sive
270 2181 368 2220 illud
397 2182 613 2233 triumphus
632 2182 709 2219 fuit
728 2181 775 2219 ab
794 2193 838 2219 eo
865 2181 1032 2231 primum
1062 2181 1276 2230 institutus,
1295 2181 1375 2220 sive
1405 2181 1488 2220 bac·

143 2245 337 2283 chantium
364 2244 501 2295 lusus),
521 2244 647 2282 animo
676 2256 787 2294 super
804 2243 1011 2281 humanum
1037 2243 1235 2295 fastigium
1253 2238 1353 2282 elato
1373 2244 1487 2292 vicos,

143 2322 209 2358 per
227 2320 321 2359 quos
349 2307 423 2345 iter
451 2311 545 2355 erat,
572 2306 728 2344 floribus
760 2305 981 2357 coronisque
1007 2306 1128 2344 sterni
1153 2306 1274 2357 jubet.
1330 2306 1488 2344 Limini-

144 2372 213 2410 bus
231 2370 373 2409 aedium
402 2374 567 2407 crateras
586 2368 673 2407 vino
692 2368 867 2419 repletas,
886 2373 926 2407 et
955 2368 1029 2407 alia
1048 2369 1198 2408 eximiae
1215 2369 1487 2421 magnitudinis

145 2446 232 2471 vasa
260 2432 419 2482 disponi.
478 2430 667 2469 Vehicula
696 2430 834 2468 deinde
867 2432 890 2448 ¹⁰
903 2436 1106 2479 constrata,
1126 2437 1171 2468 ut
1200 2431 1329 2481 plures
1357 2443 1487 2480 capere

144 2495 284 2533 milites
317 2500 482 2546 possent,
502 2494 540 2531 in
572 2493 899 2532 tabernaculorum
928 2493 1080 2531 modum
1101 2493 1238 2541 ornari,
1268 2493 1343 2530 alia
1363 2493 1479 2530 candi-
