1583 2680
129 151 206 188 210
594 163 778 195 QUINTI
817 133 1002 188 cunin

128 260 214 292 rant
234 255 382 305 ripam:
412 257 496 292 ciim
525 255 695 305 procella
726 254 889 293 imbrem
907 254 975 293 vix
1005 253 1077 293 sub
1097 254 1208 292 tectis
1236 253 1475 292 tolerabilem

127 318 275 366 effudit,
297 317 499 369 obrutique
531 318 674 356 milites
704 317 834 355 nimbo
867 317 908 354 in
937 322 1079 355 terram
1108 318 1342 367 refugerunt,
1371 317 1474 355 navi-

126 381 200 432 giis
219 381 442 432 ratibusque
463 381 636 418 desertis.
683 380 760 419 Sed
779 380 1101 418 tumultuantium
1119 380 1308 428 fremitus,
1330 380 1474 418 obstre-

127 444 305 494 pentibus
324 445 431 495 ripis,
452 444 500 482 ab
519 444 628 482 hoste
648 457 723 482 non
743 448 894 495 poterat
914 444 1050 481 audiri.
1110 443 1263 481 Deinde
1283 448 1474 481 momento

128 508 310 558 temporis
341 521 540 558 repressus
571 512 630 545 est
661 508 792 546 imber.
852 507 1049 546 Caeterum
1077 507 1172 545 adeo
1192 507 1326 558 spissae
1353 507 1474 544 inten-

127 571 217 608 dere
256 584 296 608 se
332 571 464 619 nubes,
500 576 545 608 ut
582 571 791 609 conderent
822 570 959 618 lucem,
996 570 1140 621 vixque
1178 570 1475 621 colloquentium

126 634 227 671 inter
247 634 350 684 ipsos
370 634 487 672 facies
520 634 817 672 noseitarentur.
877 634 902 651 ²⁷
920 633 1141 671 Terruisset
1172 632 1291 670 alium
1310 633 1476 671 obducta

126 710 203 734 nox
224 697 330 745 coelo,
352 698 441 735 elim
469 698 601 748 ignoto
622 710 731 735 amne
758 696 1017 747 navigandum
1045 700 1159 744 esset,
1178 696 1342 733 forsitan
1368 695 1475 733 hoste

128 774 210 797 eam
243 761 364 810 ipsam
385 761 519 810 ripam,
541 774 654 811 quam
687 760 778 798 eoeei
805 765 920 810 atque
948 759 1163 809 improvidi,
1183 763 1222 796 et
1242 771 1290 796 ex
1307 758 1476 809 periculo

311 824 336 841 ’Β
353 828 592 860 accersentes
610 823 804 873 petebant,
825 827 1032 872 occupante
1049 835 1058 860 ε
1087 821 1371 870 obscuritatem,
1391 835 1478 873 quae

127 892 285 924 eaeteros
333 887 515 934 terrebat,
559 899 668 924 suam
713 885 948 923 occasionem
993 889 1113 933 ratus,
1156 885 1245 923 dato
1285 885 1395 936 signo
1432 889 1478 922 ut

127 963 258 987 omnes
279 949 432 988 silentio
453 949 704 987 ascenderent
734 949 774 986 in
802 954 920 996 rates,
942 961 1037 997 eam,
1057 950 1134 1000 qua
1153 948 1235 998 ipse
1253 948 1477 996 vehebatur,

127 1014 289 1064 primam
316 1013 436 1063 jussit
456 1014 482 1030 ¹⁰
497 1013 650 1063 expelli.
709 1012 846 1050 Vacua
873 1016 956 1050 erat
986 1012 1034 1050 ab
1064 1011 1238 1050 hostibus
1266 1011 1362 1062 ripa,
1391 1024 1478 1062 quae

128 1077 357 1127 petebatur:
399 1076 541 1127 quippe
570 1076 693 1114 adhuc
727 1076 853 1114 Porus
886 1074 1142 1113 Ptolemaeum
1172 1075 1324 1112 tantam
1353 1074 1476 1111 intue-

127 1139 251 1177 batur.
323 1139 414 1178 Una
435 1140 526 1190 ergo
545 1139 647 1187 navi,
668 1152 782 1190 quam
800 1144 921 1188 petrae
939 1138 1078 1175 fluetus
1098 1137 1274 1184 illiserat,
1294 1136 1475 1182 haerente,

127 1208 277 1241 caeterae
308 1203 501 1240 evadunt:
532 1215 712 1254 armaque
743 1215 878 1252 capere
906 1201 1061 1248 milites,
1083 1205 1122 1238 et
1154 1199 1210 1238 ire
1243 1199 1283 1236 in
1303 1199 1476 1237 ordinem

134 1266 262 1316 jussit.

207 1329 325 1367 XIV.
358 1331 418 1366 45.
450 1328 616 1379 Jamque
647 1341 783 1379 agmen
813 1327 853 1364 in
884 1340 1025 1365 cornua
1059 1326 1225 1364 divisum
1253 1326 1334 1376 ipse
1364 1326 1475 1363 duee-

127 1392 205 1440 bat,
237 1393 327 1429 cum
359 1392 463 1429 Poro
494 1392 710 1439 nunciatur,
740 1391 856 1428 armis
884 1390 1053 1441 virisque
1087 1390 1210 1440 ripam
1239 1389 1415 1437 obtineri,
1437 1394 1477 1427 et

130 1456 283 1492 ¹rerum
314 1455 447 1492 adesse
481 1454 696 1492 discrimen.
754 1455 815 1491 Ae
849 1453 985 1503 primo,
1014 1452 1172 1489 humani
1206 1452 1348 1503 ingenii
1366 1453 1474 1500 vitio,

128 1519 207 1568 spei
239 1531 318 1556 suae
350 1517 564 1567 indulgens,
586 1516 794 1554 Abisarem
821 1515 915 1554 belli
945 1515 1102 1563 socium,
1125 1514 1181 1564 (et
1214 1515 1270 1552 ita
1297 1528 1476 1553 convene-

127 1583 216 1631 1·at,)
240 1581 447 1619 adventare
467 1579 658 1618 credebat.
731 1579 827 1616 Mox
847 1578 1053 1629 liquidiore
1074 1577 1159 1616 luce
1179 1577 1375 1628 aperiente
1394 1578 1476 1616 hos-

129 1651 217 1693 tem,
250 1643 470 1695 quadrigas,
504 1648 542 1681 et
572 1647 737 1694 quatuor
766 1642 891 1680 millia
923 1641 1096 1693 equitum
1134 1641 1306 1679 venienti
1336 1641 1477 1692 agmini

129 1709 254 1745 Porus
288 1707 440 1757 objecit.
498 1707 591 1745 Dux
622 1711 705 1745 erat
735 1706 942 1756 copiarum,
980 1718 1075 1757 quas
1107 1705 1304 1756 praemisit,
1344 1705 1478 1755 Hages

128 1773 246 1810 frater
283 1771 414 1822 ipsius.
493 1770 651 1809 Summa
687 1769 827 1808 virium
873 1769 913 1806 in
950 1769 1135 1807 curribus.
1214 1768 1336 1807 Senos
1372 1768 1476 1806 viros

128 1836 271 1887 singuli
289 1835 490 1883 vehebant,
514 1834 609 1872 duos
643 1833 849 1884 clypeatos,
871 1833 966 1870 duos
995 1831 1217 1883 sagittarios
1245 1831 1293 1869 ab
1311 1836 1475 1882 utroque

129 1898 248 1937 latere
282 1898 512 1948 dispositos;
544 1896 674 1935 caeteri
704 1896 849 1946 auriga}
882 1899 991 1932 crant
1023 1894 1127 1931 haud
1161 1895 1250 1931 sane
1288 1894 1474 1932 inermes:
1514 1909 1519 1913 ·

129 1963 268 2013 quippe
285 1961 414 2012 jacula
433 1960 639 2011 complura,
657 1959 724 1997 ubi
743 1958 918 1997 eominus
946 1957 1202 2008 proeliandum
1222 1962 1315 2005 erat,
1337 1958 1349 1975 ²
1363 1958 1476 1996 omis-

130 2026 182 2063 sis
214 2025 382 2073 habenis,
403 2025 442 2063 in
472 2025 622 2063 hostem
653 2022 885 2074 ingerebant.
946 2022 1140 2060 Caeteri'im
1160 2021 1224 2059 vix
1253 2021 1355 2059 ullus
1383 2035 1476 2060 usus

131 2089 243 2138 hujus
277 2089 411 2126 auxilii
445 2101 488 2127 eo
520 2088 581 2126 die
614 2087 699 2125 fuit.
759 2085 936 2136 Namque
971 2085 1032 2134 (ut
1065 2086 1181 2135 supra
1216 2084 1362 2123 dietum
1401 2087 1476 2136 est)

132 2153 252 2190 imber
271 2152 474 2190 violentius
493 2153 610 2203 quam
640 2151 737 2188 alias
768 2150 887 2197 fusus,
909 2162 1060 2199 campos
1089 2149 1257 2187 lubricos
1277 2154 1316 2187 et
1334 2149 1475 2201 inequi-

133 2216 271 2253 tabiles
305 2217 468 2253 fecerat:
497 2227 706 2265 gravesque
735 2219 775 2251 et
807 2213 1080 2264 propemodum
1109 2212 1322 2251 immobiles
1342 2225 1476 2250 currus

135 2279 265 2317 illuvie
286 2284 325 2316 et
345 2278 590 2329 voraginibus
611 2277 817 2315 haercbant.
888 2276 1033 2315 Contra
1054 2275 1278 2314 Alexander
1297 2275 1475 2327 expedito

135 2357 176 2381 ac
198 2343 271 2381 levi
301 2343 447 2393 agmine
468 2343 622 2380 strenui*¹
653 2342 824 2379 invectus
853 2347 921 2379 ost.
981 2339 1136 2390 Scythae
1156 2344 1194 2377 et
1213 2339 1335 2378 Dahae
1363 2339 1475 2390 primi

135 2407 304 2445 omnium
326 2406 495 2444 invase—re
517 2405 635 2443 Indos
654 2418 660 2443 :
695 2405 918 2443 Perdiccam
949 2404 1086 2442 deinde
1108 2417 1195 2442 cum
1216 2402 1410 2455 equitibus
1438 2401 1476 2440 in

138 2471 317 2509 dextrum
338 2483 453 2508 cornu
473 2469 638 2508 hostium
659 2469 792 2507 emisit.

127 824 287 874 gloriam
