1583 2680
465 177 735 203 Linnn1x.
779 178 889 202 car.
930 177 960 202 1.
1313 169 1386 205 217

44 270 168 320 primo
187 268 384 307 insolitum
403 282 526 320 genus
544 283 681 320 pugnae
703 269 934 307 Maccdonas
961 269 1111 318 terruit,
1133 270 1221 307 oiim
1242 270 1388 309 eminus

45 333 347 371 vulnerarentur.
425 332 576 370 Deinde
619 337 748 382 spreto
787 337 865 370 tam
910 332 1106 371 incondito
1146 333 1303 381 auxilio,
1342 334 1389 372 ab

44 401 207 447 utroque
238 395 357 433 latere
376 395 565 434 vehiculis
585 395 819 443 circumfusi,
841 400 1100 447 repugnantes
1120 396 1253 434 fodere
1272 409 1388 447 coepe·

46 464 147 496 runt.
225 458 279 496 Et
308 458 464 497 vincula
496 458 605 509 queis
639 463 814 496 conserta
846 464 968 507 erant,
998 460 1118 509 jussit
1149 459 1277 508 incidi,
1311 462 1388 510 qui)

45 522 200 561 facilius
251 521 404 573 singula
449 521 826 560 circumvenirentur.
903 522 1042 574 Itaque
1081 528 1166 562 octo
1217 523 1389 562 millibus

43 598 200 623 suorum
232 585 396 633 amissis,
417 585 457 622 111
486 585 667 635 oppidum
694 586 928 636 refugerunt.
985 586 1149 625 Postero
1182 586 1244 625 die
1275 587 1389 624 scalis

43 648 214 700 undique
237 648 416 697 admotis,
436 649 536 686 muri
564 653 807 698 occupantur.
866 648 1008 687 Paucis
1036 650 1242 700 pernicitas
1271 650 1389 688 saluti

41 711 138 761 fuit3
168 712 235 763 qui
267 712 420 763 cognito
450 712 558 750 urbis
592 711 752 760 excidio,
781 711 958 762 paludem
991 716 1253 762 transnavere,
1275 719 1314 752 et
1348 714 1388 751 in

42 774 168 812 vicina
181 774 321 825 oppida
336 775 530 825 ingentem
544 774 710 812 intulere
726 779 932 812 terrorem:
961 775 1148 814 invictum
1164 776 1387 822 exercitum,

41 842 80 874 ct
99 837 270 875 Deorum
290 838 475 888 profecto,
497 837 697 875 advenisse
717 843 982 876 memorantes.

125 904 159 938 3.
192 901 425 949 Alexander,
447 901 495 938 ad
513 901 739 939 vastandam
758 914 841 939 eam
870 903 1065 953 regionem
1086 901 1274 940 Perdicca.
1304 915 1388 939 cum

41 964 224 1014 expedita
252 977 368 1002 manu
395 964 523 1012 misso,
544 969 693 1014 partem
713 965 907 1014 copiarum
945 965 1110 1003 Eumeni
1130 965 1264 1014 tradit,
1283 969 1329 1002 ut
1355 965 1389 1002 is

40 1040 189 1078 quoque
208 1027 404 1065 Barbaros
438 1027 487 1064 ad
518 1027 754 1065 deditionem
786 1027 1044 1078 compelleret.
1104 1028 1194 1079 Ipse
1226 1033 1387 1067 caeteros

39 1090 88 1127 ad
116 1090 251 1128 urbem
270 1090 451 1138 validam,
473 1090 512 1127 111
544 1104 658 1141 quam
689 1090 851 1129 aliarum
881 1104 1031 1142 quoque
1056 1093 1305 1142 confugerant
1335 1093 1387 1130 in-

39 1153 146 1201 colae,
166 1154 334 1191 induxit.
395 1153 602 1204 Oppidani,
632 1153 761 1191 missis
791 1154 858 1205 qui
890 1154 1042 1205 Regem
1077 1155 1387 1205 deprecarentur,

40 1216 293 1254 nihilominus
325 1216 470 1255 bellum
489 1217 700 1267 parabant:
730 1218 870 1268 quippe
891 1223 976 1255 orta
1007 1217 1148 1256 seditio
1178 1219 1217 1256 in
1238 1219 1389 1257 diversa

39 1281 199 1318 consilia
243 1280 452 1319 diduxerat
480 1280 648 1333 vulgum.
720 1281 806 1319 Alii
838 1281 965 1319 omnia
997 1281 1192 1320 deditione
1225 1283 1387 1333 potiora,

38 1343 195 1395 quidam
214 1343 362 1381 nullam
381 1357 493 1395 opem
520 1343 560 1382 in
581 1344 675 1395 ipsis
695 1357 792 1392 esse,
814 1344 1015 1383 ducebant.
1074 1344 1152 1384 Sed
1173 1345 1263 1383 dum
1290 1346 1389 1384 nihil

39 1407 79 1444 in
116 1420 314 1446 commune
352 1407 579 1457 consulitur,
619 1408 688 1459 qui
726 1407 914 1446 deditioni
951 1408 1213 1458 imminebant,
1246 1410 1388 1460 apertis

39 1470 158 1520 portis
178 1471 327 1508 hostem
346 1471 550 1521 recipiunt.
608 1468 844 1519 Alexander,
865 1471 1086 1522 quanquam
1105 1472 1199 1511 belli
1227 1473 1388 1511 auctori-

39 1533 111 1571 bus
139 1535 227 1583 jure
246 1539 402 1584 poterat
420 1534 546 1580 irasci,
567 1538 698 1571 tamen
726 1534 902 1572 omnibus
921 1535 1034 1573 venia
1054 1535 1157 1583 data,
1179 1541 1218 1573 et
1248 1536 1387 1574 obsidi-

39 1598 110 1636 bus
148 1597 325 1647 acceptis,
364 1597 413 1634 ad
461 1596 677 1647 proximam
727 1596 868 1636 deinde
907 1597 1044 1636 urbem
1084 1604 1212 1636 castra
1252 1599 1384 1637 movit.

42 1660 211 1700 Obsides
232 1659 470 1698 ducebantur
491 1664 580 1697 ante
608 1671 763 1710 agmen:
793 1672 889 1710 quos
917 1661 1008 1698 cum
1027 1673 1048 1698 e
1067 1661 1187 1698 muris
1215 1661 1387 1712 agnovis-

38 1728 136 1772 sent,
169 1724 305 1774 utpote
342 1723 468 1774 gentis
509 1722 693 1773 ejusdem,
725 1723 765 1760 in
804 1722 1038 1774 colloquium
1069 1730 1384 1763 convocaverunt.

39 1787 108 1826 Illi
127 1787 372 1826 clementiam
401 1786 523 1837 Regis
543 1786 734 1838 simulque
755 1786 834 1824 vim
853 1787 1194 1836 commemorando,
1215 1787 1263 1825 ad
1283 1787 1387 1827 dedi-

38 1851 183 1890 tionem
202 1864 267 1890 eos
286 1850 527 1901 compulere:
556 1855 790 1901 caeterasque
818 1850 934 1889 urbes
955 1850 1074 1889 simili
1100 1851 1214 1889 modo
1235 1851 1387 1890 deditas

38 1915 78 1952 in
95 1914 210 1953 fidem
229 1913 386 1964 accepit.
444 1913 549 1951 Hinc
579 1913 620 1951 in
651 1926 811 1964 regnum
843 1913 1016 1964 Sopithis
1048 1919 1275 1964 perventum
1309 1920 1379 1953 est.

39 1977 155 2025 Gens,
176 1977 244 2014 ⁴ut.
279 1976 455 2025 Barbari,
476 1976 668 2027 sapientia.
702 1976 870 2024 excellit,
891 1976 1077 2028 bonisque
1097 1977 1269 2015 moribus
1289 1978 1385 2028 regi-

38 2044 113 2077 tur.
172 2039 334 2077 Genitos
353 2038 495 2077 liberos
514 2052 589 2077 non
616 2044 821 2089 parentum
840 2038 1001 2076 arbitrio
1022 2039 1167 2077 tollunt
1186 2039 1383 2093 aluntque,
1422 2051 1424 2053 “

38 2101 131 2140 ‘’sed
163 2115 306 2149 eorum,
326 2102 468 2153 quibus
497 2103 697 2152 spectandi
730 2102 934 2139 infantium
967 2102 1141 2141 habitum
1161 2117 1252 2142 cura
1280 2118 1382 2143 man-

39 2165 130 2203 data
163 2169 231 2202 est.
291 2164 334 2202 Si
367 2177 463 2215 quos
496 2165 688 2216 ‘insignes
722 2170 790 2202 aut
820 2164 949 2216 aliqua
982 2166 1239 2205 membrorum
1272 2174 1382 2218 parte

38 2227 196 2266 inutiles
241 2232 483 2278 notaverunt,
523 2228 652 2266 necari
695 2228 844 2277 jubent.
923 2229 1082 2280 Nuptiis
1120 2236 1268 2279 coeunt,
1306 2245 1381 2269 non

36 2305 175 2343 genere
209 2304 253 2328 ac
282 2291 483 2329 nobilitate
516 2293 743 2341 conjunctis,
764 2292 831 2331 sed
860 2293 983 2332 electa
1003 2307 1206 2345 corporum
1231 2296 1379 2346 speeie:

36 2356 127 2406 quia
147 2355 280 2392 eadem
299 2355 514 2393 aestimatur
534 2355 574 2393 in
593 2355 738 2394 liberis.

117 2420 152 2456 4.
183 2418 313 2468 Hujus
331 2418 455 2470 gentis
474 2418 667 2469 oppidum,
686 2419 747 2458 cui
761 2420 982 2459 Alexander
1000 2421 1221 2460 admoverat
1239 2420 1378 2471 copias,

36 2481 84 2520 ab
113 2481 194 2532 ipso
214 2481 371 2532 Sopithe
391 2482 660 2522 ⁷obtinebatur.
719 2483 868 2523 Clausae
901 2489 1010 2523 erant
1038 2489 1171 2535 portae,
1191 2483 1257 2522 sed
1283 2484 1378 2522 nulli
