1583 2680
562 182 723 208 muna
766 183 832 208 lx.
877 183 989 209 CAr.
1033 183 1100 208 1x.
1427 173 1503 210 239

162 273 312 327 ignari:
334 276 538 326 quantum
574 274 665 312 inde
700 275 852 314 abesset
884 289 1000 325 mare,
1031 288 1118 327 quae
1155 279 1290 327 gentes
1324 275 1502 325 colerent,

161 337 277 388 quam
308 337 500 388 placidum
533 338 654 375 amnis
684 351 737 384 OS,
759 339 904 390 ³quam
936 339 1086 389 patiens
1119 338 1319 389 longarum
1351 339 1504 377 navium

162 405 274 448 esset,
304 414 451 452 anceps.
477 406 516 439 et
549 414 650 440 caeca
680 402 884 441 {estimatio
917 402 1188 454 augurabatur.
1259 401 1391 441 Unum
1424 408 1506 440 erat

161 464 390 502 temeritatis
409 464 601 515 solatium,
629 470 817 516 perpetua
844 466 1021 505 felicitas,
1079 466 1109 504 J
1111 479 1171 504 am
1199 465 1210 483 ⁴
1226 460 1506 517 quadringenta

161 527 286 565 stadia
303 533 579 578 processerant,
596 529 685 566 cum
703 529 979 579 gubernatores
1000 541 1204 580 agnoscere
1224 529 1328 579 ipsos
1347 529 1359 546 ⁵
1373 542 1504 566 auram

159 590 287 639 maris,
308 595 348 628 et
380 591 483 628 haud
515 591 649 641 procul
680 591 807 630 videri
840 592 916 630 sibi
947 591 1141 632 Oceanum
1170 592 1312 641 abesse,
1334 591 1506 629 indicant

160 653 270 705 Regi.
329 654 463 693 Laetus
484 654 550 692 illc
570 655 718 693 hortari
736 655 912 693 nauticos
933 655 1060 706 coepit,
1081 655 1346 694 incumberent
1374 655 1503 702 remis,

160 717 294 755 adesse
322 718 435 756 finem
472 718 616 757 laboris
647 719 820 757 omnibus
855 720 957 758 votis
995 719 1220 770 expetitum.
1278 719 1371 758 Jam
1407 719 1505 757 nihil

158 781 292 831 gloriae
325 781 469 829 deesse,
490 781 589 820 nihil
623 782 776 820 obstare
810 783 958 820 virtuti.
1017 783 1108 822 Sine
1140 783 1223 821 ullo
1256 783 1397 821 Martis
1431 783 1504 821 dis-

158 844 328 892 crimine,
350 845 429 882 sinc
450 846 633 896 sanguine
653 846 784 884 orbem
805 851 918 884 terrae
939 846 985 884 ab
1006 846 1084 883 illis
1104 846 1198 896 capi.
1246 846 1284 884 N
1289 859 1308 884 e
1327 851 1502 884 naturam

158 907 312 958 quidem
333 908 486 959 longius
506 922 615 959 posse
636 909 866 959 procedere,
896 909 1006 948 brevi
1026 909 1230 960 incognita,
1252 909 1327 946 nisi
1355 910 1503 947 immor-

159 971 311 1021 talibus,
331 984 414 1009 esse
434 972 597 1010 visuros.
656 973 807 1010 Paucos
835 977 962 1010 tamen
989 973 1141 1024 navigio
1162 972 1290 1010 emisit
1309 973 1348 1010 in
1367 972 1502 1024 ripam,

157 1034 223 1084 qui
253 1039 424 1085 agrestes
454 1047 571 1085 vagos
603 1035 835 1085 exciperent,
857 1048 876 1073 e
907 1035 1046 1086 quibus
1077 1035 1240 1074 certiora
1268 1035 1374 1073 nosci
1393 1049 1503 1086 posse

158 1097 346 1148 sperabat.
406 1098 473 1135 Illi
502 1099 663 1136 scrutati
683 1099 809 1136 omnia
828 1099 995 1149 tuguria,
1016 1098 1173 1136 tandem
1207 1098 1372 1137 latentes
1400 1112 1500 1149 repe·

156 1166 251 1198 rere.
311 1160 388 1206 Qui
421 1161 647 1212 interrogati
666 1162 782 1212 quam
809 1161 944 1212 procul
970 1161 1148 1199 abessent
1167 1161 1274 1211 mari,
1294 1162 1498 1212 responde-

156 1229 248 1262 runt
267 1224 416 1262 nullum
435 1225 538 1275 ipsos
558 1237 662 1262 mare
682 1238 730 1262 ne
750 1225 853 1262 fama
871 1224 1028 1276 quidem
1048 1225 1250 1275 accepisse.
1303 1224 1500 1263 Caeterum

156 1287 270 1326 tertio
291 1287 353 1326 dic
372 1288 564 1338 perveniri
583 1301 696 1339 posse
712 1288 761 1326 ad
781 1301 917 1340 aquam
937 1301 1116 1336 amaram,
1133 1301 1219 1339 quae
1239 1293 1501 1339 corrumperet

156 1350 317 1389 dulcem.
375 1351 624 1390 Intellectum
655 1356 714 1390 est
746 1365 850 1390 mare
885 1351 1073 1390 destinari
1102 1351 1151 1390 ab
1183 1351 1325 1408 ignaris
1353 1357 1501 1390 naturae

155 1416 248 1465 cjuS.
307 1414 444 1466 Itaque
464 1415 611 1466 ingenti
639 1415 840 1453 alacritate
868 1415 1014 1453 nautici
1033 1415 1238 1466 remigant,
1261 1419 1300 1453 ct
1326 1415 1500 1465 proximo

155 1491 306 1529 quoquc
327 1478 401 1526 die,
422 1478 434 1496 ⁶
448 1491 522 1529 quo
541 1479 702 1530 propius
733 1491 821 1530 spes
855 1479 1142 1527 admovebatur,
1164 1478 1360 1517 erescebat
1388 1479 1500 1516 ardor

155 1541 378 1578 animorum.
439 1541 573 1580 Tertio
605 1543 686 1591 jam
715 1542 776 1579 die
806 1542 971 1579 mixtum
996 1541 1145 1579 flumini
1177 1541 1357 1580 ⁷subibat
1385 1555 1499 1590 marc,

154 1602 231 1641 leni
261 1603 385 1641 adhuc
415 1609 515 1642 aestu
549 1604 807 1642 confundente
840 1604 1012 1654 dispares
1043 1603 1177 1641 undas.
1250 1605 1350 1641 Tum
1387 1605 1500 1642 aliam

154 1666 341 1705 ¹³insulam
373 1667 498 1705 medio
519 1667 620 1705 amni
650 1667 764 1705 sitam
784 1667 905 1705 evecti
924 1666 1038 1717 paulo
1065 1666 1218 1714 lentius,
1245 1667 1335 1718 quia
1366 1680 1501 1705 cursus

153 1734 255 1769 aestu
299 1730 628 1781 reverberabatur‚
662 1730 856 1781 applicant
892 1730 1065 1778 classem,
1104 1735 1144 1768 et
1179 1729 1227 1767 ad
1265 1736 1499 1768 commeatus

155 1793 341 1844 petendos
379 1793 611 1842 discurrunt,
645 1794 794 1832 ⁹sceuri
825 1795 934 1831 casus
972 1795 1058 1843 ejus
1097 1793 1163 1844 qui
1197 1793 1416 1843 supervenit
1449 1793 1500 1845 ig-

153 1857 268 1894 naris.

234 1922 294 1958 30.
327 1920 459 1959 Tertia
491 1921 610 1959 ferme
649 1921 743 1960 hora
775 1926 868 1969 erat,
905 1922 995 1958 cum
1030 1922 1052 1938 ¹⁰
1065 1923 1169 1958 stata
1203 1920 1286 1958 vice
1324 1919 1500 1959 Oceanus

154 1989 373 2022 exaestuans
411 1985 541 2023 invehi
578 1985 703 2036 coepit,
740 1990 780 2023 et
816 1985 920 2023 retro
958 1985 1099 2022 flumen
1135 1997 1281 2034 urgere.
1349 1983 1499 2030 ”Quod

152 2047 276 2097 prime
304 2048 524 2097 coercitum,
546 2048 686 2086 deinde
706 2049 968 2087 vehementius
997 2048 1162 2098 pulsum,
1183 2049 1326 2097 majore
1354 2048 1500 2099 impetu

153 2110 356 2147 adversum
376 2111 573 2162 agebatur,
593 2113 710 2162 quam
730 2111 916 2149 torrentia
935 2111 1128 2161 proecipiti
1155 2111 1264 2149 alveo
1283 2111 1497 2150 incurrunt.

154 2174 296 2225 Ignota
314 2173 427 2224 vulgo
447 2174 538 2212 freti
569 2180 706 2212 natura
739 2179 833 2222 erat,
854 2179 1113 2226 monstraque,
1135 2179 1174 2212 et
1203 2175 1271 2213 irae
1291 2174 1420 2212 Derim
1447 2176 1499 2212 in-

153 2237 255 2275 dicia
276 2250 430 2275 cernere
449 2237 691 2275 videbantur.
749 2237 972 2276 Identidem
992 2238 1245 2276 intumescere
1264 2251 1381 2287 mare,
1401 2244 1441 2277 et
1460 2239 1498 2276 in

152 2313 304 2351 campos
336 2300 453 2351 paulo
483 2301 571 2338 autc
604 2301 724 2338 siccos
758 2300 988 2339 descendere
1019 2302 1272 2353 superfusum.
1331 2302 1498 2353 Jamque

154 2364 177 2382 ¹²
189 2363 327 2401 levatis
357 2363 532 2414 navigiis,
554 2368 593 2401 et
625 2366 710 2401 tot-a
729 2363 850 2402 classe
882 2364 1069 2415 dispersa,
1089 2365 1157 2417 qui
1185 2365 1350 2415 expositi
1376 2370 1496 2411 erant,

151 2427 321 2478 undiquc
342 2427 391 2464 ad
406 2439 522 2465 naves
542 2427 684 2478 trepidi
704 2431 744 2465 ct
762 2427 968 2478 improviso
987 2428 1088 2466 malo
1103 2428 1263 2466 attoniti
1281 2432 1493 2465 recurrunt.

153 2490 230 2529 Sed
250 2491 290 2528 in
310 2491 481 2529 tumultu
500 2491 693 2529 festinatio
721 2492 872 2543 queque
901 2492 1012 2530 tarda
1032 2497 1100 2531 cst.
1162 2491 1220 2530 Hi
1241 2490 1367 2529 contis
1395 2490 1483 2528 navi
