1583 2680
144 169 216 206 166
600 180 784 211 QUINTI
827 179 1010 206 cunrn

136 272 347 322 conjectare
365 275 527 322 poterat,
547 276 687 322 quanta
703 270 899 309 hominum
916 270 1122 309 multitudo
1141 276 1250 309 esset.
1308 271 1478 322 Jamque

136 334 204 372 lux
221 335 438 385 apparebat,
458 338 541 372 eum
557 335 750 373 thoracem
769 334 935 384 indutus,
954 334 1124 385 procedit
1144 334 1192 372 ad
1219 334 1374 383 milites,
1394 338 1476 373 tum

136 398 305 448 primum
335 403 422 448 post
440 398 580 436 vulnus
612 397 786 448 proxime
818 403 1025 448 acceptum.
1083 397 1239 435 ³Tanta
1258 402 1342 435 erat
1373 397 1475 447 apud

138 473 202 498 eos
221 461 414 499 veneratio
435 461 568 513 Regis,
589 466 634 498 ut
653 460 766 498 facile
785 460 959 510 periculi,
979 461 1082 512 quod
1100 460 1316 508 horrebant,
1339 460 1477 509 eogita-

137 523 280 561 tionem
298 525 502 574 praesentia
532 525 615 573 ejus
647 528 853 561 excuteret.
914 523 1016 561 Laeti
1045 524 1147 574 ergo,
1169 528 1209 561 et
1235 522 1476 560 manantibus

137 599 216 636 prae
234 586 372 637 gaudio
392 586 583 636 lacrymis,
613 586 858 624 consalutant
878 599 963 623 eum
981 599 988 634 3
1019 590 1058 624 et
1089 585 1191 637 quod
1211 586 1299 622 ante}
1319 597 1471 622 recusa·

136 653 271 686 verant
299 649 454 697 bellum,
484 649 631 686 feroces
662 648 882 698 deposcunt.
942 648 1019 686 Ille
1056 661 1097 685 se
1124 648 1272 685 ratibus
1308 647 1475 698 equitem

137 711 436 761 phalangemque
466 715 818 761 transportaturum
837 723 921 748 csse
950 710 1204 760 pronunciat:
1235 722 1349 758 super
1367 715 1475 746 utres

148 774 260 822 jubet
279 787 368 811 nare
387 773 512 811 levius
532 777 706 810 armatos.
774 772 896 809 Plura
913 785 983 809 nec
1012 772 1088 809 dici
1115 772 1127 789 ⁴
1143 784 1205 809 res
1225 771 1474 818 desideravit,

138 849 206 873 nee
241 836 329 873 Rex
361 835 487 873 dicere
518 848 586 885 per
617 834 878 873 valetudinem
913 834 1056 884 potuit.
1133 834 1329 872 Caeteriim
1365 836 1476 870 tanta

139 899 336 936 alacritate
355 898 523 935 militum
551 902 653 935 rates
680 899 828 946 junctae
859 904 960 946 sunt,
980 898 1085 935 utin
1105 897 1278 935 triduum
1310 896 1359 934 ad
1387 896 1475 934 duo-

139 963 262 1000 decim
293 962 414 999 millia
444 962 589 999 effectae
619 961 706 998 sint.
771 961 937 1012 Jamque
968 960 1018 998 ad
1047 961 1322 998 transeundum
1351 960 1477 998 omnia

139 1030 385 1075 aptaverant:
415 1027 500 1062 cum
531 1025 649 1075 legati
683 1024 911 1075 Scytharum
938 1024 1090 1075 viginti,
1119 1038 1223 1063 more
1255 1024 1381 1076 gentis
1408 1036 1477 1073 per

139 1094 265 1125 castra
284 1088 391 1139 equis
419 1087 530 1135 vecti,
550 1087 724 1125 nunciari
755 1087 894 1137 jubent
927 1087 1040 1138 Regi,
1060 1087 1161 1125 velle
1192 1087 1295 1136 ipsos
1315 1085 1363 1123 ad
1391 1098 1476 1123 eum

139 1151 319 1188 mandata
349 1150 531 1200 perferre.
589 1149 767 1187 Admissi
799 1150 839 1186 in
871 1149 1170 1196 tabernaculum,
1200 1149 1374 1200 jussique
1393 1161 1475 1186 con-

140 1214 277 1261 sidere,
297 1213 337 1250 in
364 1213 477 1251 vultu
510 1213 631 1262 Regis
664 1212 874 1250 defixerant
903 1212 1044 1260 oculos,
1075 1211 1188 1250 credo
1219 1212 1309 1263 quia
1337 1212 1475 1262 magui-

140 1276 273 1314 tudine
310 1276 478 1326 corporis
523 1276 691 1312 animum
734 1275 1026 1321 aestimantibus,
1072 1275 1244 1312 modicus
1282 1275 1475 1322 '’habitus,

139 1339 431 1390 haudquaquam
463 1339 574 1376 famae
610 1351 690 1388 par,
727 1337 940 1376 videbatur.
1007 1338 1189 1388 “Scythis
1227 1343 1356 1376 autem
1388 1352 1476 1386 non,

139 1407 183 1439 ut
215 1403 365 1440 caeteris
395 1401 589 1451 Barbaris,
626 1400 734 1438 rudis
762 1406 801 1438 et
828 1401 1048 1439 inconditus
1078 1414 1211 1438 sensus
1239 1407 1308 1439 est.
1361 1401 1475 1447 ⁷Qui-

141 1466 229 1502 dam
276 1478 406 1502 eorum
451 1463 675 1514 sapientiam
721 1476 852 1513 capere
897 1463 1087 1512 dicuntur,
1133 1469 1477 1516 quantamcumque

139 1541 232 1579 gens
253 1528 353 1578 capit
373 1540 519 1577 semper
538 1531 694 1564 armata.
752 1526 891 1577 Sicque
910 1526 1060 1564 locutos
1090 1539 1172 1564 esse
1193 1527 1295 1578 apud
1315 1527 1476 1578 Regem,

139 1592 331 1629 memoriae
363 1590 557 1641 proditum
589 1594 656 1628 est.
729 1589 978 1628 8Abhorrent
1006 1590 1168 1628 forsitan
1200 1590 1368 1628 moribus
1396 1603 1477 1628 nos-

140 1656 210 1692 tris
243 1660 282 1692 et
308 1660 480 1705 tempora
512 1658 552 1692 et
583 1653 737 1705 ingenia.
755 1653 919 1691 cultiora
936 1654 1134 1702 ⁹sortit1s3
1165 1654 1232 1692 sed
1254 1655 1276 1671 ¹⁰
1291 1658 1334 1691 ut
1353 1654 1478 1704 possit

139 1718 260 1756 oratio
297 1731 428 1756 eorum
464 1717 601 1768 sperni,
639 1722 767 1754 tamen
809 1716 904 1754 fides
946 1722 1077 1755 nostra
1094 1730 1170 1755 non
1208 1717 1345 1755 debet:
1392 1730 1477 1767 qum

139 1788 343 1832 utcumque
363 1781 507 1818 tradita
526 1784 627 1827 sunt,
647 1780 868 1829 incorrupta
897 1780 1141 1829 perferemus.
1214 1779 1341 1829 Igitur
1360 1792 1476 1817 111111111

139 1858 186 1882 cx
207 1845 265 1881 his
285 1844 492 1881 maximum
510 1848 604 1880 natu
622 1842 677 1879 ita
691 1841 862 1879 locutum
881 1842 1104 1892 accepimus.

219 1911 277 1945 33.
310 1909 330 1928 “
348 1907 391 1946 Si
411 1906 477 1944 Dii
504 1905 678 1943 habitum
697 1905 865 1954 corporis
900 1905 957 1941 tui
991 1904 1169 1942 aviditati
1200 1904 1315 1942 animi
1345 1918 1474 1955 parem

139 1984 220 2008 csse
240 1970 464 2016 voluissent,
485 1967 588 2005 orbis
622 1972 661 2005 tc
693 1979 768 2004 non
801 1972 964 2016 caperet.
1022 1966 1163 2004 Altera
1196 1980 1310 2004 manu
1343 1967 1476 2006 Orien-

141 2039 225 2079 tem,
247 2033 368 2069 alter-21
391 2031 639 2070 Occidentem
669 2029 916 2079 contingeres
976 2028 1030 2066 Et
1050 2029 1120 2066 hoc
1151 2035 1359 2077 assecutus,
1380 2029 1476 2067 seire

138 2095 256 2133 velles
291 2095 396 2132 ¹¹ubi
427 2094 527 2131 tanti
558 2093 725 2130 numinis
762 2092 888 2142 fulgor
926 2092 1162 2129 conderetur.
1233 2092 1298 2131 Sic
1326 2105 1476 2143 quoque

139 2158 385 2207 concupiscis,
419 2171 504 2207 qua:
533 2169 610 2194 non
643 2155 756 2206 capis.
815 2155 880 2192 Ab
916 2155 1204 2205 Europapetis
1239 2155 1398 2193 Asiam:
1428 2168 1474 2192 ex

139 2221 238 2259 Asia
259 2221 398 2257 transis
427 2220 465 2256 111
498 2219 703 2268 Europam.
761 2218 920 2267 Deinde,
941 2218 973 2255 si
1003 2219 1207 2256 humanum
1227 2231 1347 2269 genus
1366 2230 1475 2255 omne

139 2283 385 2334 superaveris,
421 2296 505 2319 011111
540 2282 657 2331 sylvis
691 2287 730 2319 ct
766 2282 928 2328 nivibus,
968 2287 1006 2319 et
1043 2281 1273 2329 fluminibus,
1309 2281 1474 2332 ferisque

138 2347 271 2385 bestiis
299 2352 476 2397 gesturus
497 2359 536 2383 es
557 2345 709 2383 bellum.
769 2345 905 2389 Quid?
935 2350 977 2382 tu
1007 2345 1170 2396 ignoraS,
1191 2345 1345 2383 arbores
1374 2357 1473 2394 mag·

137 2424 204 2448 nas
241 2410 308 2447 diu
345 2423 524 2454 cresccre,
562 2411 637 2445 111151
678 2409 770 2445 lion-“t
809 2409 1028 2458 extirpari?
1102 2408 1254 2446 Stultus
1292 2412 1362 2454 cst,
1407 2406 1473 2456 qui

138 2475 283 2511 fruetus
314 2486 440 2510 earnm
475 2478 632 2522 spectat,
667 2471 910 2508 altitudinem
947 2485 1021 2509 non
1059 2471 1227 2509 metitur.
1297 2469 1399 2507 Vide
1427 2481 1474 2506 110
