1583 2680
466 195 626 220 LIBER
664 194 964 220 1v.e2i1‘.v.
1337 181 1386 219 45

44 288 166 328 turba.
224 288 361 327 Multis
389 292 518 326 tamen
543 287 657 327 saluti
684 287 791 326 fuere
819 285 977 334 Sidonii,
1005 285 1070 337 qui
1101 286 1122 303 ¹⁰
1137 285 1237 322 intra
1265 284 1388 323 Mace-

45 351 186 390 donum
224 351 402 402 praesidia
440 356 557 390 erant.
641 351 698 390 Hi
733 350 867 390 urbem
901 349 1056 401 quidem
1093 348 1192 386 inter
1226 347 1389 387 victores

45 415 305 465 intraverant,
355 415 421 453 sed
457 415 690 467 cognationis
716 428 802 453 cum
839 414 970 465 Tyriis
1005 425 1200 461 memores,
1239 411 1390 462 (quippo

45 484 242 530 utramque
287 479 420 517 urbem
458 479 677 530 Agenorem
723 477 939 517 condidisse
984 476 1204 526 eredebant)
1251 475 1389 513 multos

47 538 248 592 Tyriorum
268 542 384 579 ctiam
403 546 642 593 protegentes
663 541 711 579 ad
739 555 807 580 sua
833 541 1043 592 perduxere
1069 539 1234 590 navigia,
1254 538 1390 590 quibus

48 605 238 653 occultati,
269 604 411 644 Sidona
443 604 590 643 devecti
623 609 723 643 sunt.
780 604 1005 651 Quindecim
1036 603 1159 641 millia
1189 603 1260 640 hoc
1288 602 1390 639 furto

47 669 231 707 subducta
251 668 409 707 saevitiae
429 673 529 707 sunt.
598 667 867 720 Quantumque
887 668 1081 720 sanguinis
1099 667 1228 706 fusum
1248 667 1311 715 sit,
1331 666 1392 705 vel

47 744 93 768 ex
112 731 182 769 hoc
201 732 384 770 {estimari
403 737 541 782 potest,
561 731 662 783 qued
681 731 782 770 intra
797 732 1032 770 munimenta
1048 731 1167 779 urbis,
1188 743 1253 769 sex
1271 730 1394 768 millia

49 799 279 833 armatorum
298 795 489 833 trucidata
507 800 607 834 sunt.
665 795 791 833 Triste
811 795 949 832 deinde
970 794 1225 845 spectaculum
1242 793 1392 832 victori-

50 857 120 895 bus
156 857 214 895 ira
249 858 414 908 praebuit
450 858 582 909 Regis.
640 857 726 896 Duo
762 858 895 906 millia,
925 858 1001 895 ²⁰in
1028 857 1165 908 quibus
1198 856 1392 894 occidendi

51 919 241 958 defecerat
273 921 411 969 rabies,
444 921 619 959 crucibus
646 921 758 969 affixi,
777 934 846 971 per
865 921 1036 972 ²¹ingens
1063 920 1204 958 littoris
1231 920 1392 970 spatium

51 983 320 1032 pependerunt.
393 983 748 1035 Carthaginensium
781 983 920 1035 legatis
951 983 1129 1034 pepercit,
1167 983 1300 1020 addita
1335 982 1394 1020 de-

50 1045 292 1083 nunciatione
319 1045 422 1094 belli,
453 1046 554 1097 quod
590 1047 835 1097 praesentium
871 1060 999 1085 rerum
1034 1047 1240 1085 necessitas
1277 1060 1393 1084 mora-

51 1113 167 1147 retur.

137 1174 192 1210 19.
223 1171 348 1222 Tyrus
380 1172 540 1222 septimo
573 1185 713 1222 mense,
749 1174 865 1224 quam
902 1173 1115 1225 oppugnari
1151 1178 1271 1224 coepta
1302 1178 1394 1222 erat,

53 1239 165 1286 capta
183 1240 265 1273 est:
292 1235 386 1274 urbs
404 1240 443 1274 et
459 1240 652 1275 vetustate
680 1236 851 1288 originis,
871 1241 909 1275 et
937 1237 1069 1276 erebra
1097 1238 1260 1276 fortunae
1278 1238 1395 1276 varie-

54 1304 133 1337 tate
152 1299 202 1337 ad
220 1300 441 1338 memoriam
459 1300 697 1351 posteritatis
716 1300 885 1352 insignis.
957 1300 1122 1340 Condita
1141 1301 1188 1340 ab
1207 1301 1395 1353 Agenore,

54 1361 124 1399 diu
154 1375 271 1411 mare,
303 1375 379 1401 non
409 1363 576 1401 vicinum
611 1363 736 1412 modo,
767 1363 833 1402 sed
858 1364 1120 1415 quodcumque
1148 1364 1286 1402 classes
1315 1365 1396 1413 ejus

55 1425 245 1474 adierunt,
277 1425 475 1464 22ditionis
507 1439 585 1465 suae
617 1427 729 1477 fecit3
760 1431 799 1465 et
827 1427 860 1465 si
876 1427 989 1466 famae
1016 1427 1111 1466 libet
1138 1427 1298 1476 credere,
1317 1426 1398 1465 haee

55 1501 146 1539 gens
165 1489 315 1526 litteras
333 1489 456 1539 prima
475 1494 540 1527 aut
559 1489 696 1539 docuit,
717 1494 783 1527 aut
803 1490 948 1528 didicit.
1007 1489 1176 1530 Coloniae
1195 1491 1297 1528 certe
1317 1491 1398 1539 ejus

56 1553 150 1601 pene
180 1551 269 1590 orbe
299 1556 381 1589 toto
409 1552 556 1590 diffusae
584 1557 694 1602 sunt;
727 1552 917 1604 Carthago
940 1553 980 1590 in
1007 1554 1158 1602 Africa,
1178 1554 1218 1591 in
1244 1553 1398 1592 Boeotia.

59 1613 213 1662 Thebae,
233 1613 361 1653 Gades
380 1614 428 1651 ad
446 1614 648 1654 Oceanum.
707 1614 830 1654 Credo
849 1616 874 1633 ²³
887 1616 1007 1655 libero
1022 1622 1272 1654 commeantes
1289 1616 1398 1664 mari,

58 1677 273 1728 saepiusque
308 1677 480 1715 adeundo
513 1677 662 1716 caetcris
697 1678 909 1730 incognitas
947 1684 1079 1728 terras,
1107 1679 1265 1730 elegisse
1292 1679 1399 1717 sedes

67 1739 272 1790 juventuti,
304 1743 380 1791 qua
412 1744 501 1778 tunc
533 1741 800 1779 abundabant:
839 1754 905 1780 seu
936 1742 1027 1793 quia
1059 1742 1201 1780 crebris
1232 1742 1399 1780 motibus

58 1809 170 1842 terrae
198 1803 301 1853 (nam
330 1803 400 1841 hoc
429 1816 575 1855 quoque
605 1804 784 1855 traditur)
814 1804 979 1843 cultores
1006 1806 1087 1855 ejus
1114 1805 1276 1856 fatigati,
1304 1796 1401 1843 nova

59 1871 98 1904 et
117 1871 272 1904 externa
290 1865 479 1904 domicilia
497 1866 612 1905 armis
632 1867 784 1906 sibimet
809 1881 978 1918 quaerere
1005 1868 1243 1919 cogebantur.
1300 1868 1399 1906 Mul-

59 1930 110 1967 tis
128 1930 218 1980 ergo
238 1929 388 1967 casibus
407 1929 587 1967 defuncta
605 1935 644 1968 et
663 1936 749 1981 post
777 1931 965 1969 excidium
993 1935 1136 1979 renata,
1156 1943 1253 1968 nunc
1273 1935 1398 1968 tamen

61 1992 176 2043 longa
194 2004 283 2042 pace
301 1997 438 2030 cuneta
457 1993 660 2042 refovente,
681 1993 751 2032 sub
766 1993 890 2032 tutela
910 1994 1092 2032 Romana>
1103 1994 1402 2032 mansuetudinis

62 2055 281 2106 adquiescit.

144 2117 193 2156 V.
223 2119 284 2156 20.
315 2117 460 2156 Iisdem
491 2118 610 2156 ferme
644 2119 776 2159 diebus
813 2120 924 2159 Darii
960 2120 1101 2160 litterae
1137 2121 1265 2161 allatae
1304 2127 1402 2171 sunt,

67 2180 242 2218 ¹tandem
260 2186 306 2219 ut
324 2181 425 2232 Regi
453 2181 615 2232 scriptae.
672 2183 850 2233 Petebat,
882 2184 976 2222 “uti
1004 2184 1118 2222 filiam
1144 2198 1252 2223 suam
1279 2186 1403 2235 ’(8111-

66 2250 162 2295 tyrae
191 2248 273 2282 erat
300 2247 449 2297 nomen)
469 2245 612 2296 nuptiis
631 2246 851 2286 Alexander
879 2248 953 2287 sibi
981 2248 1212 2300 adjungeret.
1270 2250 1403 2287 Dotem

65 2309 145 2346 fore
179 2321 324 2346 omnem
358 2308 547 2360 regionem
575 2309 673 2348 inter
708 2310 1000 2362 Hellespontum
1033 2316 1071 2349 et
1099 2312 1230 2363 Halyn
1258 2325 1403 2349 amnem

66 2372 189 2409 sitam.
245 2372 256 2389 ²
271 2371 367 2409 Inde
389 2371 584 2411 Orientem
613 2374 868 2424 spectantibus
890 2375 1001 2413 terris
1021 2380 1236 2413 contentum
1256 2388 1294 2412 se
1314 2376 1404 2413 fore.

69 2435 111 2474 Si
139 2435 238 2472 forte
270 2434 475 2484 dubitaret,
505 2436 604 2487 quod
634 2438 840 2485 offerretur,
878 2437 1059 2487 accipere,
1089 2438 1100 2455 ⁴
1118 2439 1309 2488 nunquam
1337 2437 1407 2475 did

71 2497 201 2536 eodem
221 2498 382 2549 vestigio
402 2505 504 2536 stare
533 2499 736 2548 fortunam,
756 2513 977 2552 semperque
1006 2499 1188 2547 homines,
1216 2504 1408 2550 quantam·
