1583 2680
119 148 197 185 264
586 158 770 191 QUINTI
809 157 992 185 cun'rn

118 251 220 290 bella
239 251 378 290 civilia.
437 252 446 270 ¹
462 251 564 290 Nam
585 256 624 290 et
653 251 877 291 insociabile
897 256 957 290 est
987 264 1158 303 regnum,
1180 255 1219 290 et
1246 265 1267 290 a
1285 251 1462 303 pluribus

119 315 381 365 expetebatur.
452 315 626 353 Primum
658 328 748 366 ergo
782 315 968 366 collegere
1001 316 1115 364 vires,
1150 315 1288 354 deinde
1321 316 1462 366 disper-

119 383 271 428 serunt3
307 383 355 428 et,
385 381 468 416 ciim
486 379 659 429 pluribus
693 392 842 429 corpus,
869 380 985 430 quam
1014 379 1198 429 capiebat,
1228 381 1462 427 onerassent,

119 447 256 480 caetera
288 443 459 481 membra
491 443 650 481 deficere
686 447 911 493 coeperunt:
940 443 1117 494 quodque
1151 443 1353 494 imperium
1391 443 1462 481 sub

117 519 192 543 uno
220 510 320 544 stare
349 506 549 556 potuisset,
570 506 661 544 dum
691 520 713 543 a
741 506 919 557 pluribus
950 507 1173 555 sustinetur,
1194 508 1281 545 ruit.
1339 508 1352 525 ²
1370 507 1461 545 Pro-

117 569 207 606 inde
234 571 321 619 jure
349 569 560 621 meritoque
590 569 755 620 populus
785 569 982 608 Romanus
1016 570 1179 608 salutem
1206 584 1246 608 se
1275 570 1463 621 ³prineipi

118 645 186 670 suo
207 632 344 671 debere
363 634 584 683 profitetur3
616 633 678 670 cui
697 633 833 677 noctis,
853 646 968 683 quam
986 633 1082 683 pene
1111 647 1328 684 supremam
1347 634 1460 672 habu-

117 696 227 742 imus,
247 709 388 734 novum
408 696 514 734 sidus
534 695 676 733 illuxit.
734 695 746 713 ⁴
761 695 893 746 Hujus
921 695 1090 745 hercule,
1110 709 1186 734 non
1207 697 1312 745 solis,
1337 702 1461 745 ortus,

117 759 241 796 lucem
274 759 456 810 caliganti
489 759 661 797 reddidit
692 759 847 807 mundo,
880 760 971 797 clim
1008 759 1090 798 sine
1127 773 1197 798 suo
1229 761 1354 811 capite
1389 760 1461 798 dis-

117 822 245 859 cordia
273 822 444 860 membra
474 822 724 872 trepidarent.
786 821 891 868 Quot
923 823 990 860 ille
1020 827 1104 861 tum
1134 823 1304 862 extinxit
1336 823 1460 862 faces!

116 890 210 936 quot
230 885 403 922 condidit
415 884 588 936 gladios!
617 890 799 937 quantam
815 890 1085 937 tempestatem
1101 887 1232 926 subita
1252 887 1461 926 serenitate

120 948 323 986 discussit!
381 948 472 987 Non
507 950 598 1000 ergo
631 949 832 987 revirescit
862 950 1001 998 solum,
1023 950 1092 988 sed
1122 950 1237 988 etiam
1255 951 1366 990 floret
1386 950 1461 990 Im-

115 1014 273 1064 perium.
331 1013 474 1051 ⁵Absit
492 1013 606 1051 modo
626 1013 783 1061 invidia,
805 1014 973 1064 excipiet
987 1013 1103 1063 hujus
1123 1014 1257 1052 saeeuli
1276 1019 1460 1066 tempora,

116 1077 290 1126 ejusdem
323 1077 472 1126 domus,
493 1077 642 1115 utinam
669 1081 867 1128 perpetua,
888 1078 992 1115 certe
1027 1078 1210 1116 diuturna
1241 1079 1458 1128 posteritas.

118 1140 320 1189 Caeterum,
354 1145 399 1178 ut
435 1141 484 1178 ad
522 1140 706 1189 ordinem,
741 1154 763 1178 a
792 1154 867 1192 quo
900 1154 961 1178 me
994 1141 1264 1192 contemplatio
1296 1141 1462 1192 publicae

115 1205 314 1242 felicitatis
334 1208 539 1252 averterat,
559 1204 735 1253 redeam3
767 1204 974 1242 Perdiccas
1003 1205 1155 1242 unicam
1187 1218 1292 1256 spem
1324 1205 1461 1244 salutis

118 1281 197 1306 suae
217 1269 256 1305 in
273 1267 463 1319 Meleagri
477 1271 601 1306 morte
618 1267 851 1317 deponebat:
880 1280 1021 1306 vanum
1040 1268 1216 1306 eumdem
1236 1273 1275 1306 et
1290 1269 1460 1318 infidum,

117 1331 368 1382 celeriterque
401 1343 462 1368 res
492 1334 732 1378 novaturum,
764 1334 803 1368 et
833 1330 906 1369 sibi
939 1331 1104 1368 maxime
1138 1331 1332 1382 infestum,
1354 1346 1461 1371 occu-

115 1396 285 1446 pandum
313 1407 406 1432 esse.
465 1393 544 1432 Sed
574 1393 655 1431 alta
686 1393 992 1432 dissimulatione
1023 1394 1224 1433 consilium
1253 1397 1461 1448 premebat,

114 1464 159 1496 ut
196 1458 428 1509 opprimeret
465 1457 672 1494 incautum.
738 1456 845 1508 Ergo
883 1456 981 1495 elam
1017 1458 1205 1508 quosdam
1242 1473 1290 1498 ex
1327 1461 1448 1512 copiis

115 1522 253 1574 quibus
284 1525 457 1571 praeerat,
479 1520 716 1568 subornavit,
736 1525 781 1557 ut
810 1520 921 1572 quasi
953 1520 1147 1573 ignoraret
1180 1522 1274 1573 ipse,
1304 1536 1461 1575 conque-

116 1589 293 1624 rerentur
312 1584 453 1635 palam,
475 1583 713 1634 Meleagrum
740 1584 960 1635 ⁶aequatum
980 1597 1062 1623 esse
1092 1585 1302 1625 Perdiccae.
1361 1587 1461 1633 Quo-

114 1663 200 1688 rum
231 1661 404 1687 sermone
438 1647 636 1699 Meleager
670 1648 718 1686 ad
748 1661 788 1686 se
818 1648 953 1698 relato,
984 1649 1116 1687 furens
1149 1650 1221 1698 ira,
1252 1651 1461 1700 Perdiccae,

116 1727 201 1765 quae
222 1712 481 1762 comperisset,
501 1711 668 1762 exponit.
728 1711 816 1760 Ille,
836 1711 945 1751 velut
971 1715 1072 1751 nova
1092 1727 1134 1751 re
1153 1715 1375 1764 exterritus,
1397 1716 1462 1754 ad-

115 1776 260 1824 mirari,
292 1776 411 1827 queri,
445 1775 687 1827 dolentisque
718 1776 884 1826 speciem
915 1780 1108 1815 ostentare
1142 1777 1178 1815 ei
1210 1778 1335 1829 eoepit.
1394 1779 1461 1817 Ad

114 1840 292 1878 ultimum
313 1839 500 1887 convenit,
520 1843 566 1876 ut
594 1838 1007 1890 comprehenderentur
1034 1844 1114 1877 tam
1142 1840 1338 1879 seditiosa>
1357 1842 1461 1879 vocis

115 1908 299 1941 auctores.
367 1902 467 1954 Agit
500 1901 698 1952 Meleager
728 1902 884 1953 gratias,
917 1901 1193 1954 amplexusque
1224 1903 1459 1954 Perdiccam,

114 1967 227 2003 fidem
260 1967 343 2015 ejus
371 1965 453 2015 ipse
482 1977 525 2002 ac
551 1963 858 2003 benevolentiam
878 1963 1081 2002 collaudat.
1140 1965 1240 2003 Tum
1270 1969 1461 2006 communi

115 2029 273 2067 consilio
301 2028 488 2067 rationem
508 2027 749 2079 opprimendi
778 2027 914 2066 noxios
948 2027 1090 2065 ineunt.
1150 2028 1287 2067 Placet
1320 2032 1460 2069 exerei-

116 2101 197 2129 tum
230 2092 356 2142 patrio
388 2105 492 2130 more
530 2091 715 2129 lustrari:
759 2095 798 2129 et
834 2091 1071 2142 ⁷probabilis
1108 2105 1223 2130 eausa
1258 2093 1461 2133 videbatur

114 2155 312 2207 praeterita
333 2155 531 2192 discordia.

194 2220 254 2255 24.
289 2218 542 2255 Macedonum
571 2219 700 2269 Reges
729 2217 783 2255 ita
802 2217 967 2256 lustrare
989 2218 1093 2257 soliti
1113 2224 1222 2257 crant
1241 2220 1395 2269 milites,
1416 2227 1462 2259 ut

114 2282 287 2320 discissae
318 2281 421 2318 canis
441 2281 590 2318 viscera
619 2281 757 2319 ultimo
789 2282 827 2319 in
849 2295 990 2332 campo,
1013 2283 1052 2320 in
1072 2297 1185 2334 quem
1206 2284 1460 2323 deduceretur

114 2345 318 2393 exercitus,
354 2344 401 2382 ab
432 2346 594 2395 utrinque
625 2344 883 2394 abjicerentur
915 2351 1050 2396 parto:
1089 2347 1192 2384 intra
1223 2347 1263 2384 id
1295 2348 1458 2398 spatium

114 2409 251 2448 armati
282 2419 411 2446 omnes
445 2412 617 2456 starent3
649 2407 735 2445 hinc
767 2409 925 2460 equites,
946 2409 1052 2447 illinc
1084 2409 1262 2460 phalanx.
1320 2410 1462 2462 Itaque

114 2488 157 2513 co
192 2473 266 2522 die,
288 2484 401 2523 quem
431 2470 520 2509 huic
554 2484 662 2509 sacro
695 2471 990 2520 destinaverant,
1024 2472 1112 2512 Rex
1145 2486 1231 2512 cum
1265 2473 1461 2525 equitibus
