1583 2680
154 161 228 198 288
600 171 795 200 QUIN'M
841 170 1034 196 CURTII

145 277 230 302 sum
249 263 374 315 gladio
394 267 553 315 uterque
571 262 728 302 libabat.
787 262 922 310 Credo,
944 275 1008 300 eos
1025 262 1092 314 qui
1122 263 1246 314 gentis
1264 276 1388 302 mores
1407 276 1491 302 con·

144 327 334 376 diderunt,
354 339 468 378 parco
487 331 527 364 et
544 326 706 377 parabili
725 327 832 364 victu
850 326 1051 364 ostendere
1070 326 1237 365 voluisse
1266 328 1290 345 ²⁰
1300 327 1491 378 jungenti-

142 390 212 429 bus
242 403 343 441 opes,
371 389 556 441 quantulo
589 389 760 427 contenti
790 401 872 427 esse
902 389 1093 428 deberent.
1150 389 1237 427 Hoc
1263 390 1375 427 modo
1404 390 1491 428 Rex

142 453 250 491 Asiae
283 458 321 490 et
351 453 529 502 Europae,
550 451 809 490 introductam
841 451 942 489 inter
973 451 1187 490 convivales
1220 452 1329 489 ludos
1361 451 1489 489 matri-

142 516 269 553 monio
301 516 374 555 sibi
406 515 594 565 adjunxit,
623 528 644 553 e
672 515 824 566 captiva
851 515 1064 567 geniturus,
1091 515 1158 566 qui
1187 515 1395 553 victoribus
1422 515 1490 552 im-

141 584 303 629 peraret.
361 579 542 617 Pudebat
573 578 726 627 amicos,
755 591 869 628 super
887 578 1020 616 vinum
1040 583 1079 616 et
1107 578 1236 628 epulas
1255 591 1424 616 socerum
1442 590 1490 615 ex

141 642 280 679 deditis
299 655 380 679 esse
399 641 572 680 electum.
630 641 707 680 Sed
735 645 822 691 post
843 640 939 680 Cliti
957 641 1098 679 caedem
1126 641 1305 680 libertate
1324 641 1488 688 sublata,

141 704 262 752 vultu,
283 705 307 722 ²¹
321 705 387 755 qui
405 704 569 741 maxime
590 703 722 751 servit,
741 703 1057 742 assentiebantur.

220 766 268 804 V.
306 769 361 804 17.
393 765 588 804 Caeterum
616 765 780 812 Indiam,
802 769 840 802 et
868 764 957 802 inde
988 764 1184 804 Oceanum
1210 764 1415 814 petiturus,
1443 777 1490 801 ne

139 829 231 878 quid
263 842 284 865 a
314 834 432 880 tergo,
451 828 552 879 quod
572 828 788 866 ¹destinata
815 827 1002 877 impedire
1028 832 1169 877 posset,
1188 832 1414 877 moveretur,
1443 841 1490 865 ex

139 892 311 930 omnibus
347 891 555 941 provinciis
592 891 753 942 triginta
789 891 913 928 millia
949 891 1145 940 juniorum
1179 890 1257 942 legi
1291 891 1421 941 jussit,
1450 896 1490 929 et

139 955 187 992 ad
219 967 260 993 se
296 959 443 992 armata
477 954 649 1005 perduci,
682 954 833 993 obsides
870 953 986 991 simul
1021 953 1222 992 habiturus
1259 958 1298 992 et
1332 954 1486 992 milites.

140 1017 340 1056 Craterum
359 1022 489 1055 autem
509 1017 557 1054 ad
588 1017 865 1068 persequendos
893 1017 1136 1055 Haustanem
1154 1021 1192 1055 et
1213 1016 1404 1065 catenam,
1422 1017 1488 1068 qui

138 1081 186 1119 ab
204 1081 287 1132 ipso
307 1081 522 1119 defecerant
539 1080 667 1130 misit;
698 1093 859 1131 quorum
886 1080 1109 1119 Haustanes
1137 1085 1270 1131 captus
1289 1085 1358 1129 est,
1380 1079 1487 1119 Cate-

136 1157 202 1182 nes
234 1145 275 1181 in
306 1144 440 1194 praelio
480 1144 636 1182 occisus.
694 1143 957 1194 Polyspercon
985 1156 1134 1194 quoque
1164 1143 1369 1194 regionem,
1402 1156 1488 1194 quae

137 1208 340 1246 Bubacene
370 1207 594 1258 appellatur,
627 1207 667 1244 in
698 1206 881 1244 ditionem
917 1206 1076 1257 redegit.
1143 1205 1281 1257 Itaque
1312 1207 1487 1245 omnibus

137 1271 367 1321 compositis,
405 1270 659 1322 cogitationes
695 1269 738 1306 in
773 1269 917 1308 bellum
953 1269 1131 1307 Indicum
1166 1270 1294 1308 vertit.
1368 1269 1486 1308 Dives

136 1334 239 1386 regio
270 1334 493 1381 habebatur,
525 1345 601 1370 non
637 1346 728 1370 auro
756 1333 881 1380 modo,
917 1333 982 1370 sed
1009 1333 1169 1384 gemmis
1205 1346 1354 1384 quoque
1390 1346 1486 1372 mar-

135 1397 358 1449 garitisque,
391 1396 440 1434 ad
471 1396 632 1434 ²luxum
661 1395 795 1447 magis,
831 1397 947 1446 quam
976 1396 1024 1433 ad
1059 1395 1386 1447 magnificentiam,
1425 1409 1485 1434 ex·

135 1460 248 1498 culta.
305 1460 316 1477 ³
333 1459 422 1498 Viri
452 1459 614 1510 equique
642 1458 830 1496 militares
849 1471 940 1496 auro
961 1462 999 1495 et
1014 1458 1123 1496 ebore
1150 1458 1295 1510 fulgere
1314 1459 1484 1498 diceban-

135 1527 208 1561 tur.
266 1522 415 1573 Itaque,
440 1522 579 1559 necubi
597 1521 828 1570 vinceretur,
848 1522 938 1558 cum
969 1521 1116 1559 caeteris
1134 1526 1345 1571 praestaret,
1366 1521 1485 1559 scutis

136 1590 334 1637 argenteas
354 1585 524 1633 laminas,
545 1584 653 1636 equis
671 1584 811 1622 fraenos
830 1597 965 1622 aureos
984 1583 1155 1634 addidit3
1185 1584 1321 1622 loricas
1338 1597 1485 1636 quoque

135 1649 230 1687 alias
262 1662 367 1698 auro,
400 1649 495 1686 alias
524 1652 680 1699 argento
714 1647 923 1686 adornavit.
994 1647 1156 1687 Centum
1191 1648 1328 1700 viginti
1363 1648 1486 1686 millia

134 1716 368 1750 armatorum
404 1716 526 1760 erant,
564 1724 649 1762 quae
686 1711 832 1763 Regem
869 1711 918 1748 ad
954 1711 995 1748 id
1039 1711 1182 1749 bellum
1219 1711 1480 1762 sequebantur.

135 1775 302 1827 Jamque
336 1775 510 1814 omnibus
543 1780 781 1825 praeparatis,
815 1774 943 1825 ⁴quod
975 1774 1065 1812 olim
1095 1777 1213 1824 prava
1243 1779 1367 1812 mente
1399 1787 1481 1811 con-

133 1843 296 1889 ceperat,
335 1843 426 1876 tunc
463 1851 544 1876 esse
581 1843 775 1876 maturum
811 1843 928 1885 ratus,
966 1849 1126 1887 quonam
1162 1835 1273 1874 modo
1310 1836 1482 1874 coelestes

133 1901 293 1939 honores
323 1905 535 1952 usurparet,
556 1900 673 1950 eoepit
704 1900 861 1951 agitare.
919 1898 1032 1937 Jovis
1050 1898 1170 1935 filium
1198 1911 1274 1936 non
1293 1899 1369 1936 diei
1403 1905 1481 1936 tan-

135 1967 215 2001 tum
234 1976 285 2013 se,
307 1964 374 2002 sed
393 1964 509 2002 etiam
537 1963 641 2001 credi
670 1963 834 2010 volebat,
857 1967 1034 2012 tanquam
1055 1961 1234 2011 ‘'perinde
1262 1962 1397 2000 animis
1416 1963 1480 2000 im·

134 2040 268 2077 perare
286 2032 425 2078 posset,
446 2040 488 2065 ac
507 2027 658 2078 linguis.
714 2026 852 2077 Itaque
883 2038 986 2062 more
1019 2025 1225 2062 Persarum
1254 2025 1481 2063 Macedonas

134 2090 439 2128 “venerabundos
478 2091 602 2141 ipsum
638 2089 817 2138 salutare,
855 2094 1139 2139 prosternentes
1172 2089 1277 2126 humi
1313 2101 1479 2139 corpora,

144 2153 274 2202 jussit.
343 2153 433 2191 Non
460 2154 590 2191 deerat
620 2153 714 2190 talia
741 2152 1020 2202 concupiscenti
1057 2152 1269 2202 perniciosa
1297 2152 1479 2199 adulatio,

136 2221 363 2266 perpetuum
399 2217 542 2254 malum
580 2217 742 2267 Regum,
781 2229 938 2266 quorum
966 2229 1054 2266 opes
1090 2215 1232 2265 saepiiis
1274 2215 1480 2253 assentatio

133 2279 247 2330 quum
267 2279 388 2316 hostis
408 2280 556 2317 evertit.
616 2279 696 2316 Nee
727 2279 974 2317 Macedonum
1004 2279 1083 2318 haec
1103 2284 1186 2317 crat
1203 2279 1314 2329 culpa
1332 2280 1343 2297 ⁷
1356 2280 1479 2328 (nemo

135 2342 234 2379 enim
267 2342 416 2380 illorum
437 2343 643 2394 quidquam
665 2356 710 2380 ox
740 2343 864 2392 patrio
893 2357 996 2381 more
1024 2343 1153 2380 labare
1181 2342 1392 2394 sustinuit),
1413 2342 1479 2380 sed

134 2405 388 2453 ’Groecorum‚
408 2407 473 2457 qui
504 2407 775 2457 professiomun
806 2406 1075 2445 ⁹honestaru1u
1106 2406 1245 2444 artium
1272 2405 1382 2443 malis
1401 2418 1478 2443 cor-

134 2474 316 2520 ruperant
334 2470 513 2508 moribus.
