1583 2680
511 177 671 202 mnan
707 177 775 202 1x.
816 177 926 203 car.
966 177 1061 202 V11.
1383 166 1461 203 233

196 274 217 293 “
237 269 407 310 Obsecro
427 282 504 318 vos,
525 269 690 321 cogitate
719 281 788 307 nos
816 269 1032 320 pervenisse
1061 268 1101 306 in
1130 273 1266 317 terram,
1286 268 1465 320 ²⁸quibus

115 334 278 373 foeminae
310 333 358 372 ob
387 333 572 379 virtutem
602 323 891 371 celeberrimum
919 345 1056 371 nomen
1084 337 1154 371 est.
1223 331 1324 378 Quas
1352 332 1466 370 urbes

115 397 338 438 Semiramis
375 396 583 443 condidit?
628 409 721 448 quas
768 401 901 448 gentes
935 396 1087 448 redegit
1122 396 1163 433 in
1207 395 1463 446 potestatem?

113 466 257 513 quanta
277 473 391 511 opera
409 460 543 498 molita
563 460 651 498 est?
707 460 888 498 Nondum
915 460 1109 499 foeminam
1128 459 1362 510 aequavimus
1389 459 1466 510 glo-

112 525 185 573 ria,
205 529 245 562 et
272 525 354 574 jam
380 537 450 561 nos
481 523 605 561 laudis
636 523 793 561 satietas
813 523 949 574 cepit?
1002 523 1028 541 ²⁵
1039 522 1108 561 Dii
1139 523 1303 571 faveant,
1323 524 1468 572 majora

113 587 236 625 adhuc
253 592 410 626 restant.
470 587 547 626 Sed
577 587 633 624 ita
662 592 793 625 nostra
823 591 947 636 erunt,
965 599 1051 638 quae
1069 586 1238 625 nondum
1257 585 1466 637 attigimus,

114 651 147 688 si
179 651 278 688 nihil
307 664 466 701 parvum
498 650 729 698 duxerimus,
750 650 790 687 in
817 663 890 701 quo
923 663 1071 701 magnae
1101 649 1235 702 gloriae
1264 649 1369 687 locus
1398 653 1465 686 cst.

116 713 198 752 Vos
230 714 344 752 modo
364 727 423 751 me
452 714 500 752 ab
534 713 718 751 intestina
746 713 890 762 fraude,
924 718 964 751 et
996 713 1287 752 domesticorum
1316 712 1468 750 insidiis

113 782 293 826 praestate
314 790 510 826 securum;
541 777 635 815 belli
655 777 868 828 Martisque
901 776 1105 814 discrimen
1134 776 1353 827 impavidus
1383 775 1468 814 sub·

115 840 186 878 ibo.
243 840 446 891 Philippus
466 841 506 878 in
525 841 603 878 acie
624 841 744 878 tutior
771 842 887 891 quam
906 840 946 877 in
965 839 1115 878 theatro
1134 840 1220 878 fuit.
1283 838 1468 877 Hostium

113 917 248 942 manus
281 906 379 954 saepe
410 904 560 952 vitavit,
596 916 751 941 suorum
786 903 951 955 effugere
982 916 1057 941 non
1085 902 1218 941 valuit.
1285 902 1467 940 Aliorum

115 980 260 1018 quoque
279 967 431 1019 Regum
449 967 576 1004 exitus
607 967 640 1004 si
668 967 950 1017 reputaveritis,
973 966 1109 1021 plures
1129 979 1151 1003 a
1169 965 1247 1003 suis
1277 966 1392 1016 quam
1421 965 1468 1003 ab

113 1029 223 1067 hoste
241 1030 490 1080 interemptos
508 1029 796 1068 numerabitis,’'

193 1091 481 1142 ²⁶“Caeter1¹1m,
519 1093 699 1143 quoniam
735 1092 828 1130 olim
864 1092 921 1130 rei
950 1091 1109 1143 agitatae
1145 1092 1185 1129 in
1222 1091 1344 1129 animo
1372 1104 1467 1140 meo,

113 1168 212 1194 nunc
240 1155 459 1206 promendae
490 1155 636 1193 occasio
667 1155 794 1193 oblata
824 1159 902 1204 est3
942 1154 1036 1192 mihi
1067 1154 1255 1192 maximus
1292 1154 1467 1192 laborum

114 1224 227 1271 atque
246 1231 400 1270 operum
418 1231 590 1256 meorum
609 1218 685 1256 erit
713 1219 872 1267 fructus,
894 1218 927 1256 si
949 1217 1148 1268 Olympias
1166 1223 1289 1255 mater
1319 1218 1468 1255 immor-

113 1283 259 1321 talitati
305 1287 557 1330 consecretur,
604 1282 916 1333 quandocumque
962 1281 1169 1319 excesserit
1211 1280 1305 1319 vit-21.
1385 1282 1408 1298 ²⁷
1426 1280 1467 1319 Si

113 1346 280 1395 licuerit,
301 1346 382 1397 ipse
412 1345 602 1397 praestabo
622 1345 702 1384 hoc.
761 1345 804 1384 Si
834 1358 894 1383 me
912 1344 1177 1396 ²⁸praeceperit
1204 1345 1338 1393 fatum,
1360 1345 1384 1362 ²⁹
1399 1357 1467 1382 vos

114 1410 316 1448 mandasse
334 1409 604 1448 mementote.'’
661 1410 719 1447 At
737 1413 820 1446 tum
838 1409 990 1460 quidem
1010 1409 1150 1447 amieos
1170 1407 1327 1446 dimisit.
1387 1407 1467 1447 Gae-

113 1475 237 1514 terum
255 1487 324 1524 per
342 1472 554 1523 complures
573 1472 655 1510 dies
675 1472 728 1510 ibi
748 1473 891 1511 stativa
908 1472 1055 1511 habuit.

194 1536 293 1574 VII.
324 1539 385 1574 22.
416 1535 514 1574 Haec
551 1535 643 1572 dum
677 1535 719 1572 in
756 1534 873 1572 India
909 1539 1106 1586 geruntur,
1144 1534 1270 1574 Graeci
1305 1535 1462 1582 milites,

113 1612 233 1649 nuper
251 1599 291 1636 in
309 1598 474 1636 colonias
493 1611 516 1635 a
534 1597 642 1648 Rege
662 1597 818 1635 deducti
836 1597 938 1635 circa
956 1597 1109 1645 Baetra,
1129 1601 1215 1635 orta
1235 1597 1336 1635 inter
1361 1597 1466 1647 ipsos

115 1662 313 1710 seditione,
333 1660 560 1708 defecerant,
583 1662 591 1678 ¹
610 1673 685 1698 non
705 1665 785 1697 tam
804 1659 1028 1698 Alexandro
1058 1660 1209 1708 infensi,
1227 1661 1343 1711 quum
1363 1665 1466 1698 metu

114 1725 315 1776 supplicii:
357 1724 495 1776 quippe
527 1723 661 1762 occisis
692 1723 921 1775 quibusdam
957 1722 1209 1774 popularium,
1247 1723 1338 1774 ²qui
1373 1723 1466 1762 vali-

115 1789 243 1828 diores
275 1793 396 1836 erant,
428 1801 533 1825 arma
566 1791 738 1838 spectare
771 1791 975 1837 coeperunt.
1044 1786 1099 1824 Et
1131 1786 1341 1825 Bactriana
1369 1799 1464 1836 arec,

113 1865 199 1904 quae
216 1851 324 1903 quasi
342 1850 602 1902 negligentius
621 1854 815 1888 asservata.
834 1854 926 1898 erat,
946 1852 1143 1900 occupata,
1163 1849 1358 1888 Barbaros
1375 1863 1464 1901 quo-

113 1928 187 1967 que
215 1915 258 1953 in
276 1914 500 1953 societatem
531 1913 758 1951 defectionis
786 1912 1027 1964 impulerant.
1083 1912 1353 1950 Athenodorus
1381 1918 1465 1951 crat

114 1978 290 2029 princeps
318 1989 462 2025 eorum,
492 1977 558 2028 qui
588 1977 708 2028 Regis
737 1977 885 2028 quoque
914 1988 1051 2013 nomen
1083 1980 1351 2027 assumpserat,
1387 1988 1464 2013 non

116 2046 195 2078 tam
214 2039 368 2090 imperii
385 2039 572 2090 cupidine,
591 2041 707 2091 quam
735 2039 776 2076 in
794 2039 959 2089 patriam
977 2038 1194 2077 revertendi
1213 2051 1299 2077 eum
1317 2039 1378 2088 iis,
1397 2039 1464 2090 qui

117 2102 386 2141 auctoritatem
404 2102 524 2153 ipsius
539 2101 805 2153 sequebantur.
863 2101 966 2139 Huic
985 2100 1106 2139 Bieon
1123 2100 1279 2153 quidam
1296 2102 1463 2140 nationis

115 2165 300 2216 ejusdem,
331 2165 398 2202 sed
427 2165 475 2203 ob
503 2165 786 2203 aemulationem
817 2163 992 2213 infestus,
1023 2165 1258 2216 comparavit
1287 2164 1461 2214 insidias,

116 2228 396 2278 invitatumque
415 2227 464 2266 ad
492 2227 625 2278 epulas
653 2240 721 2277 per
740 2226 891 2265 Boxum
908 2227 1108 2278 quemdam
1138 2227 1403 2266 Macarianum
1423 2228 1462 2265 in

115 2291 288 2329 convivio
308 2290 456 2329 oceidit.
513 2291 674 2328 Postero
704 2289 767 2327 die
796 2289 973 2328 concione
1003 2290 1186 2329 advocata.
1220 2290 1341 2329 Bieon
1359 2291 1462 2328 ultro

115 2354 337 2392 insidiatum
374 2351 447 2392 sibi
494 2353 787 2392 Athenodorum
830 2353 1018 2405 plerisque
1054 2359 1308 2404 persuaserat.
1385 2352 1462 2391 Sed

115 2417 201 2455 aliis
220 2422 393 2468 suspecta
421 2417 527 2455 fraus
557 2421 641 2454 erat
669 2415 838 2466 Biconis,
857 2421 897 2454 et
914 2416 1100 2467 paulatim
1133 2417 1173 2454 in
1192 2417 1320 2467 plures
1348 2415 1462 2466 coepit

114 2494 266 2520 manare
285 2480 459 2531 suspicio.
530 2479 666 2532 Itaque
686 2479 810 2519 Graeci
830 2479 969 2518 milites
988 2493 1091 2518 arma
1113 2480 1277 2530 capiunt,
1297 2478 1459 2516 occisuri
