1583 2680
465 149 624 174 Linea
664 149 753 174 vi1.
796 148 906 174 car.
961 149 1015 174 11.
1338 140 1410 177 147

75 240 196 278 ciliati
215 240 331 278 animi
362 241 419 278 tui
448 241 623 292 pignus.‘’
679 239 868 279 Concione
887 239 1026 278 deinde
1055 241 1224 289 dimissa,
1247 241 1408 292 Polyda·

74 308 202 341 manta
220 303 347 341 vocari
373 303 493 353 jubet.
563 303 695 354 Longe
727 302 1011 353 acceptissimus
1042 303 1286 341 Parmenioni
1314 310 1407 353 erat,

75 366 270 416 proximus
289 366 402 404 lateri
421 366 460 403 in
479 366 557 404 acie
578 371 678 404 stare
699 365 844 404 solitus.
916 365 971 404 Et
989 379 1203 417 quanquam
1223 367 1409 405 conscien-

74 428 131 465 tia
163 428 287 466 fretus
319 429 359 466 in
387 429 530 479 regiam
564 433 743 477 venerat;
783 432 911 466 tamen
941 432 986 466 ut
1011 429 1142 478 jussus
1171 434 1231 466 est
1269 430 1408 467 fratres

73 504 163 530 suos
182 491 360 530 exhibere
379 491 587 529 admodum
615 493 788 541 juvenes,
809 495 849 529 et
867 490 969 542 Regi
998 491 1147 541 ignotos
1167 491 1215 530 ob
1242 497 1407 540 aetatem,

72 554 213 593 fiducia
244 555 284 592 in
315 554 610 593 sollicitudinem
629 556 751 602 versa,
771 553 964 604 trepidare
993 554 1130 604 coepit;
1161 555 1303 605 saepius
1322 569 1408 606 quae

73 630 207 655 nocere
237 622 404 667 possent,
425 618 540 668 quam
568 617 708 668 quibus
738 616 920 664 eluderet,
939 621 1130 667 reputans
1188 617 1217 655 J
1220 631 1278 655 am
1300 618 1410 655 armi-

71 680 153 731 geri
183 680 322 730 quibus
355 680 584 730 imperatum
615 684 709 727 erat,
748 678 1008 729 produxerant
1044 692 1121 728 eos,
1152 681 1242 717 cum
1280 693 1408 718 exsan-

71 756 184 794 guem
214 749 320 781 metu
351 743 634 792 Polydamanta
652 742 807 792 propius
838 742 1017 780 accedere
1043 742 1179 792 jubet:
1209 743 1408 782 submotis-

71 819 145 857 que
165 806 350 853 omnibus,
378 807 398 826 “
414 805 601 853 Scelerc‚''
622 805 758 856 inquit,
781 807 802 825 “
820 804 1084 843 Parmenionis
1104 817 1233 843 omnes
1264 806 1411 857 pariter

72 869 233 918 appetiti
270 881 423 906 sumus:
469 867 635 906 maxime
671 880 740 917 ego
777 880 820 905 ae
857 871 911 914 tu,
940 879 1035 917 quos
1073 868 1250 906 amicitiae
1287 868 1411 918 specie

73 930 237 968 fefellit:
272 928 325 968 ‘ad
353 944 465 982 quem
492 929 796 981 persequendum
822 929 1130 980 puniendumque
1163 930 1266 978 (vide
1298 943 1412 982 quan-

73 997 158 1030 tum
176 993 267 1031 fidei
297 998 374 1031 tuae
394 993 560 1042 credam)
581 997 620 1029 te
638 992 814 1029 ministro
843 992 902 1029 uti
931 992 1061 1029 statui.
1122 991 1299 1041 Obsides,
1320 993 1412 1031 dum

71 1056 143 1095 hoc
179 1056 344 1106 peragis,
382 1061 494 1094 erunt
521 1056 660 1092 fratres
689 1055 758 1092 tui.
816 1055 1064 1092 Proficiscere
1094 1055 1134 1092 in
1164 1055 1344 1103 Mediam,
1373 1060 1412 1094 et

71 1118 121 1156 ad
140 1118 353 1157 Praefectos
371 1130 476 1155 meos
495 1117 645 1155 litteras
673 1116 835 1167 scriptas
853 1129 969 1154 manu
995 1119 1081 1154 meti
1101 1117 1238 1166 perfer.
1296 1117 1412 1156 Velo-

73 1181 190 1219 citate
209 1193 304 1231 opus
324 1185 394 1228 est,
422 1182 499 1231 qua
519 1179 756 1218 celeritatem
783 1179 896 1217 famae
914 1179 1128 1216 antecedas.
1186 1179 1223 1217 N
1228 1184 1315 1217 octu
1332 1193 1411 1230 per-

73 1244 202 1282 venire
233 1249 272 1282 te
302 1243 396 1281 illuc
427 1242 537 1292 vo103
567 1247 719 1293 postero
753 1241 814 1280 die
841 1255 928 1293 quae
957 1241 1102 1292 scripta
1131 1247 1244 1280 erunt
1263 1243 1410 1293 exequi.

73 1307 139 1345 Ad
173 1306 466 1345 Parmenionem
493 1319 642 1357 quoque
677 1304 857 1356 epistolas
884 1305 1009 1343 feres:
1038 1318 1154 1342 unam
1181 1318 1203 1342 a
1229 1318 1301 1354 me,
1323 1306 1414 1343 alte-

71 1383 154 1407 ram
188 1369 357 1408 Philotae
386 1369 538 1411 nomine
570 1368 761 1419 scriptam.
821 1367 981 1419 Signum
1000 1367 1131 1406 annuli
1159 1369 1242 1417 ejus
1261 1368 1302 1406 in
1328 1371 1414 1406 mea

72 1437 263 1483 potestate
295 1437 364 1470 est.
423 1431 486 1470 Sic
517 1436 637 1482 pater,
657 1431 814 1469 eredens
844 1444 867 1468 a
895 1430 975 1469 filio
995 1430 1234 1481 impressum,
1263 1433 1347 1468 eiam
1375 1436 1414 1468 te

74 1495 227 1542 viderit,
247 1494 345 1531 nihil
363 1494 547 1532 metuet.³'

153 1559 187 1595 6.
218 1556 451 1606 Polydamas
470 1560 577 1593 tanto
595 1555 782 1593 liberatus
801 1560 918 1602 metu,
939 1555 1145 1605 impensius
1165 1556 1280 1593 etiam
1299 1557 1415 1607 quam

75 1619 311 1671 exigebatur,
342 1618 534 1669 promittit
564 1631 728 1668 operam.
798 1617 1125 1668 Collaudatusque
1154 1623 1192 1655 et
1217 1619 1415 1668 promissis

75 1686 267 1730 oneratus,
306 1681 482 1732 deposita
513 1686 620 1718 veste
657 1693 771 1732 quam
803 1679 982 1728 habebat,
1021 1679 1191 1718 Arabica
1228 1680 1413 1718 induitur.

75 1747 162 1784 Duo
196 1745 359 1793 Arabes,
393 1754 556 1796 quorum
588 1744 746 1782 interim
778 1745 959 1795 conjuges
990 1757 1032 1781 ac
1065 1743 1191 1791 liberi,
1222 1743 1416 1782 vinculum

73 1809 174 1857 fidei,
194 1807 347 1847 obsides
377 1807 480 1858 apud
507 1807 655 1857 Regem
681 1811 800 1854 erant,
821 1806 902 1844 dati
933 1806 1103 1844 comites.
1162 1806 1238 1844 Per
1265 1806 1417 1844 deserta

74 1872 190 1911 etiam
209 1872 257 1911 ob
277 1871 489 1910 siccitatem
518 1871 613 1919 loca,
634 1870 790 1908 camelis
819 1869 1022 1908 undecima
1053 1869 1127 1917 die,
1147 1870 1222 1921 quo
1255 1869 1415 1907 destina-

74 1941 195 1984 verat,
227 1935 463 1986 perveniunt.
535 1933 591 1972 Et
622 1933 732 1984 prius
769 1934 887 1984 quam
923 1933 1043 1983 ipsius
1078 1933 1324 1970 nunciaretur
1354 1933 1416 1970 ad-

76 2004 226 2046 ventus,
245 2000 377 2036 rursus
407 1997 640 2048 Polydamas
659 2001 805 2035 vestem
836 1995 1124 2034 Macedonicam
1154 1996 1283 2046 sumit,
1311 2001 1351 2034 et
1377 1996 1417 2033 in

78 2060 360 2100 tabernaculum
382 2060 564 2100 Cleandri
583 2060 751 2110 (Praetor
777 2059 840 2097 hic
858 2059 987 2111 regius
1007 2061 1105 2109 erat)
1125 2062 1265 2110 quarta
1283 2059 1418 2110 vigili-:1

78 2123 260 2175 pervenit.
318 2123 500 2162 Redditis
529 2123 669 2161 deinde
697 2122 850 2170 litteris,
871 2122 1155 2160 constituerunt
1182 2123 1307 2173 prima
1333 2122 1417 2160 luce

79 2188 127 2225 ad
165 2186 456 2224 Parmenionem
500 2186 601 2225 coire
691 2185 728 2224 N
733 2198 867 2237 amque
905 2185 1035 2223 caeteri
1080 2198 1241 2237 quoque,
1279 2186 1418 2237 quibus

79 2250 229 2288 litteras
260 2248 381 2299 Regis
413 2249 608 2297 attulerat,
646 2249 695 2287 ad
728 2262 815 2297 eum
847 2248 1000 2286 venturi
1031 2254 1150 2286 erant.
1208 2249 1300 2286 Jam
1329 2249 1418 2286 Par-

81 2313 248 2351 menioni
267 2312 548 2362 Polydamanta
564 2313 712 2350 venisse
731 2302 1029 2353 fi'unciaverunt:
1059 2312 1126 2363 qui
1155 2312 1246 2349 dum
1267 2312 1420 2349 laetatur

82 2377 248 2414 adventu
281 2375 402 2423 amici,
436 2375 623 2426 simulque
652 2375 950 2426 noscendi,quae
983 2374 1071 2412 Rex
1109 2380 1250 2425 ageret,
1286 2373 1421 2410 avidus

84 2439 240 2490 (quippe
274 2438 386 2489 longo
420 2437 620 2475 intervallo
641 2437 784 2475 nullam
818 2437 866 2478 ab
891 2450 936 2474 eo
967 2437 1168 2486 epistolam
1207 2438 1420 2486 acceperat)
