1583 2680
464 447 758 502 QUINTI
813 447 1107 494 CURTII

603 585 820 624 LIBER
858 585 968 624 III.

662 711 899 746 ABGUMENTUM.

1243 756 1257 770 0

160 797 182 823 1.
202 797 375 823 Celaenarum
384 796 452 823 urbe
465 798 493 823 et
502 804 563 823 arce
573 797 692 829 recepta,
702 797 864 829 primariam
877 796 1007 829 Phrygiae
1017 795 1116 821 urbem
1125 794 1284 821 Alexander
1296 793 1457 826 ingreditur.

111 842 139 867 in
153 841 207 874 qua
219 841 330 866 fatalem
345 841 442 866 Gordii
454 841 560 866 nodum
573 840 663 872 solvit,
677 847 710 866 ac
723 840 823 866 deinde
836 840 950 866 obviam
961 839 1047 865 Dario
1059 840 1100 865 ire
1112 839 1215 864 statuit.

159 886 182 910 2.
201 884 349 910 Exercitus
369 883 474 909 Persici
496 883 638 914 lustratio;
657 883 693 908 de
715 889 770 915 quo
791 882 857 908 cum
880 882 960 908 Darii
977 882 1060 915 jussu
1081 882 1263 908 Charidemus
1279 880 1459 907 Atheniensis

110 935 209 954 verum
219 927 395 960 liberumque
405 925 566 960 protulisset
579 925 728 959 judicium,
741 927 830 959 capite
841 926 994 953 mulctatus
1005 928 1055 954 est.

158 972 181 997 3.
201 971 317 1003 Pompae
335 970 486 996 Persarum
502 969 623 1003 Regum,
647 971 708 996 orto
730 969 787 995 sole
809 969 958 995 dominum
979 969 1208 1002 praecedentium,
1231 970 1294 994 tum
1317 968 1459 1001 copiarum

110 1015 261 1041 Alexandri
279 1014 436 1047 descriptio.

158 1059 182 1084 4.
202 1058 331 1084 Desertas
342 1057 378 1083 ab
390 1057 505 1089 Arsam,
516 1056 597 1082 Darii
614 1056 749 1089 praeseoto,
763 1055 868 1082 Ciliciae
884 1055 976 1082 fauces
987 1055 1146 1082 Alexander
1157 1056 1311 1089 opportune
1323 1058 1447 1088 occupat,

160 1102 183 1127 5.
203 1101 276 1127 Ciun
287 1101 317 1126 in
330 1100 463 1133 Cydnum
475 1100 582 1126 flumen
596 1099 728 1126 abluendi
749 1101 870 1132 corporis
882 1099 970 1132 gratia
985 1100 1183 1132 intempestive
1194 1100 1386 1132 descendisset,
1399 1107 1459 1132 gra-

110 1146 224 1171 vissimo
236 1144 335 1170 morbo
349 1144 498 1176 corripitur
510 1143 572 1168 Rex
584 1143 651 1175 ipse.

159 1189 182 1214 6.
202 1188 256 1219 Qui
269 1195 285 1213 a
295 1187 360 1218 fido,
373 1187 546 1219 sapientique
558 1186 668 1213 medico
679 1185 819 1220 Philippo,
829 1187 873 1212 cui
883 1193 899 1212 a
907 1188 966 1213 toto
976 1187 1101 1213 exercitu
1112 1187 1239 1220 ingentes
1250 1187 1343 1220 gratia:
1356 1186 1460 1213 haben-

110 1233 163 1264 tur,
176 1232 299 1264 pristinae
311 1231 468 1257 valetudini
479 1237 547 1256 mox
558 1231 722 1256 restituitur.

159 1276 183 1302 7.
202 1275 334 1308 Vegetior
353 1274 449 1306 faetus,
461 1274 581 1300 Darium
599 1275 710 1307 aggredi
727 1275 836 1308 cogitat,
850 1274 1025 1307 Sisinemque
1037 1274 1161 1307 Persam,
1171 1274 1360 1307 imprudentia
1372 1274 1459 1300 delin-

110 1321 252 1352 quentem,
265 1318 353 1344 occidi
361 1317 452 1351 jubet.

159 1364 182 1389 S.
202 1363 281 1388 Darii
293 1363 356 1388 ante
368 1369 492 1395 pugnam
509 1361 633 1388 consilia.
666 1361 743 1387 Tum
761 1362 900 1388 exercitos
917 1361 1022 1389 Persici
1041 1363 1244 1395 consternat103
1263 1363 1398 1395 proximas
1417 1362 1460 1387 iu-

111 1407 278 1433 ternecionis
289 1407 462 1439 praesagium.

159 1451 182 1477 9.
203 1450 356 1482 Utriusque
369 1449 508 1476 exercitus
519 1449 647 1475 membra
657 1450 796 1483 praecipua
807 1451 836 1476 ct
847 1449 965 1476 collatio.

159 1494 199 1520 10.
218 1494 371 1520 Alexandri
383 1494 470 1520 oratio
481 1493 516 1519 ad
525 1493 635 1519 milites.

159 1538 199 1564 11.
218 1537 317 1571 Pugna
328 1540 448 1569 cruenta,
461 1538 490 1563 in
499 1537 671 1570 qu5100,000
680 1537 808 1570 peditum
820 1544 852 1564 ac
862 1537 954 1570 10,000
966 1537 1094 1570 equitum
1107 1536 1258 1563 Persarum
1271 1537 1444 1564 occumbunt
1454 1556 1461 1566 ,

111 1583 223 1615 reliquis
234 1581 302 1607 susis
312 1581 475 1614 fugatisque.

162 1627 202 1652 12.
222 1626 326 1652 Castris
337 1626 416 1651 Darii
428 1627 456 1651 et
464 1626 571 1658 ingenti
583 1625 678 1658 praeda
689 1626 795 1658 potitur
805 1625 972 1651 Alexander.

161 1671 200 1696 13.
220 1670 317 1696 Matris
329 1671 358 1696 ct
368 1670 465 1695 uxoris
476 1669 562 1701 Darii,
581 1676 689 1695 necnon
707 1670 824 1695 aliarum
836 1669 974 1695 nobilium
992 1669 1165 1702 captivarum
1177 1668 1293 1701 luctum,
1305 1669 1341 1696 ob
1353 1669 1453 1703 Regem

113 1722 196 1747 quem
210 1713 346 1747 putabant
357 1713 546 1745 interfectum,
558 1714 634 1746 regio
646 1720 759 1746 prorsus
771 1714 865 1739 animo
875 1713 950 1739 levat
960 1713 1128 1739 Alexander.

161 1759 201 1784 14.
221 1758 300 1784 Darii
312 1764 410 1790 gazam
422 1757 599 1789 immensam,
610 1764 675 1783 cum
693 1757 801 1790 ingenti
820 1756 959 1783 nobilium
978 1762 1103 1789 numero,
1116 1755 1296 1782 Parmenioni
1308 1757 1458 1789 proditori(-

112 1803 242 1830 Damasci
255 1802 400 1835 praeseetus
412 1801 502 1827 tradit.

195 1909 227 1947 Ι.
264 1911 292 1946 1.
325 1907 458 1945 INTER
477 1907 570 1955 haec,
591 1906 812 1945 Alexander
831 1906 879 1944 ad
908 1906 1190 1945 conducendum
1209 1919 1256 1945 cx
1275 1906 1459 1958 Pelopon-

115 1985 204 2011 neso
233 1971 407 2019 militem,
429 1970 616 2009 Cleandro
647 1983 735 2007 eum
766 1969 926 2020 pecunia
954 1969 1081 2018 misso,
1111 1969 1241 2020 Lyciae
1268 1970 1459 2022 Pamphy-

115 2037 250 2086 liaequo
270 2034 383 2072 rebus
402 2033 631 2083 compositis,
646 2033 695 2070 ad
713 2033 847 2071 urbem
863 2032 1033 2084 (ξφ-1391133
1052 2032 1260 2071 exereitum
1279 2032 1458 2072 admovit.

119 2099 251 2138 Media
283 2097 351 2135 illst
385 2101 612 2147 tempestate
649 2096 785 2134 moenia
822 2095 1064 2134 interfluebat
1101 2096 1306 2146 illustr-wlff&
1327 2097 1460 2145 amnis,
1514 2090 1548 2106 ⁵

117 2161 299 2200 fabulosis
318 2160 536 2199 Graecorum
557 2159 785 2197 carminibus
798 2158 972 2209 inclytus.
1028 2159 1131 2197 Fons
1149 2160 1231 2209 ejus
1250 2173 1297 2197 cx
1317 2173 1461 2198 summo

118 2225 258 2264 montis
285 2223 477 2261 cacumine
509 2236 724 2271 excurrens,
744 2222 783 2260 in
811 2223 1022 2272 subjectam
1049 2227 1197 2273 petram
1215 2236 1350 2274 magno
1369 2228 1462 2261 stre-

118 2288 205 2339 pitu
224 2300 404 2338 aquarum
425 2286 549 2325 cadit:
580 2285 666 2324 inde
696 2285 856 2324 diffusus
887 2285 1152 2335 circumjectos
1180 2286 1280 2337 rigat
1299 2299 1462 2337 campora,

120 2351 301 2403 liquiduS,
325 2352 379 2387 ‘et
398 2361 487 2387 suas
508 2349 698 2387 duntaxat
724 2349 842 2387 undas
862 2349 1025 2387 trahens.
1083 2349 1220 2400 Itaque
1239 2350 1342 2388 color
1369 2351 1462 2400 ejus,

122 2414 269 2466 placido
289 2414 384 2452 mari
413 2413 561 2461 similis,
583 2413 706 2451 locum
739 2418 933 2464 poctarum
968 2412 1162 2450 mendacio
1184 2413 1297 2451 feeit:
1326 2413 1464 2464 quippe

123 2478 308 2517 traditum
341 2482 410 2526 cst,
445 2477 660 2527 'Nymphas
695 2490 820 2514 amore
850 2477 970 2514 amnis
1001 2481 1180 2523 retentas,
1211 2461 1248 2513 i1'1
1278 2476 1347 2514 illa
1375 2488 1466 2527 rupe
