1583 2680
470 129 632 154 Lmen
674 127 754 153 111.
798 127 910 153 car.
954 127 1072 153 xux.
1387 115 1432 152 31

104 231 217 256 aurea
236 232 346 268 vasa3
377 220 484 258 aurei
503 220 628 269 fraeni,
659 219 904 258 tabernacula
930 219 1051 270 regali
1078 217 1360 269 magnificentia
1380 231 1434 255 or-

105 286 220 331 nata,
249 282 425 320 vehicula
454 296 603 334 quoque
632 296 655 320 a
685 283 765 320 suis
797 282 996 330 destituta,
1029 281 1195 332 ingentis
1230 280 1436 330 opulentiae

103 344 234 395 plena:
265 344 288 362 ¹³
298 345 414 382 facies
434 346 548 383 etiam
567 345 829 396 praedantibus
856 345 993 394 tristis,
1012 344 1044 382 si
1063 357 1139 395 qua
1157 357 1217 381 res
1237 343 1435 381 avaritiam

102 412 324 446 moraretur.
383 407 570 458 ¹‘Quippe
600 412 658 446 tot
687 421 870 446 annorum
899 407 1115 445 incredibili
1135 411 1174 444 et
1191 406 1303 444 fidem
1332 419 1422 443 exce

103 470 215 508 dente
234 471 389 508 fortuna
419 471 622 520 cumulata,
642 475 733 508 tunc
764 470 839 508 alia
858 470 1042 520 stirpibus
1062 469 1283 516 dilacerata,
1304 468 1379 506 alia
1398 469 1435 505 iu

100 545 249 571 eoenum
285 534 457 570 demersa
493 533 746 571 eruebantur:
789 546 865 571 non
902 533 1139 571 sufficiebant
1180 532 1434 583 praedantiuni

102 608 236 632 manus
255 595 407 645 praedae.

180 660 241 696 35.
272 658 439 709 Jamque
459 659 576 697 etiam
592 659 640 696 ad
660 672 736 707 eos,
752 659 818 710 qui
836 659 950 709 primi
969 659 1155 711 fugerant,
1168 663 1325 697 ventum
1341 662 1432 695 erat.

103 719 285 759 Foeminae
313 720 505 772 pleraeque
524 734 661 772 parvos
692 721 885 760 trahentes
913 722 1055 760 liberos
1085 722 1205 771 ibant,
1224 722 1324 759 inter
1343 733 1436 772 quas

100 790 178 823 tres
203 783 312 821 fuere
338 784 515 835 virgines,
539 784 637 824 Ochi
657 785 737 837 (qui
766 791 854 823 ante
885 786 1046 824 Darium
1074 787 1314 837 regnaverat)
1334 785 1434 831 filice,

100 849 192 887 olim
224 847 380 899 quidem
400 860 448 885 ex
466 847 621 899 fastigio
653 854 810 899 paterno
840 862 968 887 rerum
997 850 1208 887 mutatione
1241 849 1434 893 detractae,

101 913 168 950 sed
188 919 270 949 tum
291 916 433 950 sortem
461 923 589 948 carum
608 911 800 949 crudelius
827 917 1058 963 aggravante
1084 912 1251 950 fortuna.
1309 910 1359 949 In
1379 923 1434 947 eo-

101 974 186 1012 dem
204 988 318 1025 grege
337 986 434 1012 uxor
447 986 596 1024 quoque
612 974 782 1023 ejusdem
804 973 902 1013 Ochi
921 975 1008 1022 fuit,
1028 973 1287 1025 Oxathrisque
1303 974 1435 1022 (frater

101 1037 161 1074 hic
181 1043 264 1074 erat
297 1037 421 1087 Darii)
442 1035 533 1082 filia,
554 1041 593 1072 et
620 1038 760 1085 conjux
780 1037 970 1075 Artabazi
999 1036 1184 1087 principis
1213 1041 1435 1088 purpurato-

100 1112 206 1137 rum:
237 1109 276 1137 et.
295 1100 407 1147 filius,
429 1100 488 1137 cui
515 1098 662 1136 Ilioneo
692 1099 768 1136 fuit
797 1112 944 1137 nomen.
1002 1099 1242 1138 Pharnabazi
1272 1112 1433 1150 quoquc,

100 1162 161 1199 eui
181 1175 368 1200 summum
389 1163 591 1213 imperium
619 1162 820 1200 maritimae
839 1175 915 1200 orae
935 1162 1024 1200 Rex
1043 1161 1213 1211 dederat,
1233 1175 1330 1200 uxor
1349 1176 1434 1200 cum

99 1225 177 1263 filio
211 1232 371 1276 excepta
404 1232 486 1274 est;
520 1225 708 1264 Mentoris
740 1225 831 1264 filiae
868 1230 958 1274 tres,
992 1238 1036 1263 ac
1066 1225 1295 1264 nobilissimi
1327 1225 1433 1263 ducis

102 1288 317 1326 Memnonis
350 1290 500 1339 conjux,
530 1294 569 1326 et
597 1288 721 1327 filius:
751 1288 926 1340 ¹⁶vixque
954 1288 1036 1327 ulla
1066 1289 1202 1327 domus
1234 1289 1433 1339 purpurati

99 1353 176 1389 fuit
194 1357 312 1390 tantae
331 1351 451 1389 cladis
471 1365 620 1403 expers.
678 1352 960 1390 Lacedaemonii
983 1365 1144 1404 quoque,
1164 1357 1204 1390 et
1222 1352 1432 1390 Athenien-

99 1427 171 1462 seS‚
203 1415 397 1453 societatis
427 1415 500 1453 fide
531 1415 686 1464 violata,
707 1415 848 1454 Persas
878 1415 1023 1453 secuti:
1053 1415 1307 1466 Aristogiton,
1339 1415 1432 1453 Dro-

99 1477 219 1528 pides,
240 1482 279 1516 et
299 1477 524 1528 Iphicrates,
545 1478 644 1516 inter
663 1478 934 1528 Athenienses,
952 1491 1088 1528 genere
1116 1478 1293 1529 famaque
1321 1478 1432 1528 longe

101 1540 307 1578 elarissmi:
337 1540 630 1589 Lacedaemonii,
662 1541 893 1591 Pausippus,
924 1546 963 1578 et
996 1540 1322 1589 Onomastorides,
1346 1554 1431 1578 cum

104 1603 274 1640 Monimo
307 1608 346 1641 et
379 1602 638 1652 Callicratide,
671 1603 700 1641 ii
731 1617 879 1654 quoque
913 1603 1015 1641 domi
1050 1603 1208 1642 nobiles.
1278 1604 1432 1642 Summa

103 1665 304 1715 ¹⁶pecuniae
334 1665 493 1716 signatae
521 1666 608 1713 fuit,
629 1665 859 1704 talentorum
892 1665 966 1703 duo
996 1665 1117 1703 millia
1159 1671 1198 1703 et
1214 1666 1430 1716 sexaginta;

103 1729 125 1746 ¹⁷
137 1729 229 1766 facti
249 1729 395 1779 argenti
413 1728 563 1779 pondus
582 1729 791 1780 quingenta
816 1729 1001 1780 aequabat.
1060 1729 1256 1767 Praeterea
1275 1729 1433 1779 triginta

101 1791 222 1829 millia
235 1791 441 1839 hominum,
458 1804 543 1829 cum
559 1797 706 1842 septem
720 1791 892 1829 millibus
908 1793 1180 1841 jumentorum,
1194 1791 1306 1829 dorso
1320 1805 1433 1829 onera

99 1855 344 1905 portantium,
364 1860 474 1905 capta
493 1860 592 1893 sunt.
652 1854 847 1894 Caeterum
875 1855 941 1893 Dii
954 1860 1073 1893 tantae
1092 1855 1255 1893 fortunae
1268 1855 1431 1905 prodito-

100 1931 180 1956 rem
208 1918 384 1957 celeriter
403 1919 535 1957 debita
560 1921 673 1969 poena
702 1919 890 1970 persecuti
922 1924 1021 1956 sunt.
1080 1918 1254 1970 Namque
1285 1932 1383 1956 unus
1412 1933 1431 1955 c

100 1981 259 2018 consciis
279 1982 373 2031 ejus,
390 1981 414 1999 ¹⁸
425 1981 549 2030 eredo,
566 1981 686 2032 Regis
701 1982 822 2020 vicem
837 1982 952 2020 etiam
972 1982 1010 2019 in
1030 1981 1098 2019 illa
1113 1987 1214 2020 sorte
1233 1982 1431 2028 reveritus,

101 2044 293 2082 interfecti
323 2045 530 2095 proditoris
549 2050 662 2096 caput
681 2045 730 2083 ad
750 2045 911 2083 Darium
941 2046 1043 2093 tulit,
1063 2050 1317 2096 opportunum
1340 2045 1431 2083 sola—

101 2107 197 2144 tium
226 2107 404 2158 prodito:
433 2108 571 2159 quippe
601 2113 640 2146 et
668 2108 775 2146 ultus
806 2109 1000 2146 inimicum
1030 2114 1123 2157 erat,
1144 2114 1184 2147 et
1209 2110 1374 2146 nondum
1395 2109 1431 2145 in

102 2169 268 2207 omnium
287 2171 422 2208 animis
445 2172 662 2209 memoriam
684 2172 895 2223 majestatis
915 2185 993 2210 suae
1013 2172 1222 2210 exolevisse
1242 2172 1419 2210 cernebat
