1583 2680
438 142 597 168 Lmen
625 141 695 167 ιν.
737 141 848 167 car.
889 141 1008 167 vin.
1346 131 1395 167 55

58 232 314 284 frequentiam
335 233 558 281 ⁶culturam,
579 234 788 285 multisque
811 247 894 272 eam
921 235 1036 272 terris
1055 232 1236 270 alimenta
1263 233 1395 283 praebi-

59 299 196 333 turam.

138 361 197 396 32.
229 358 388 410 Regem,
410 362 492 397 cum
526 359 694 397 secundo
713 371 822 397 amne
850 359 1043 409 deflueret,
1063 358 1212 409 assequi
1242 357 1397 408 cupiens

0 420 218 495 *Ilcctor,
252 421 519 460 Parmenionis
551 422 666 472 filius,
698 422 836 460 eximio
872 421 1001 460 aetatis
1033 422 1136 469 flore,
1173 421 1236 458 ‘’in
1267 421 1398 471 paucis

0 465 282 522 ‘'Alexandro
302 498 424 532 caruS,
441 498 600 535 parvum
616 485 812 536 navigium
828 484 1070 522 conscendit·
1062 484 1267 535 ,pluribus
1283 497 1349 534 qu
1337 485 1399 520 am

58 560 192 597 capere
211 552 342 598 posset
361 547 560 598 impositis.
618 548 758 599 Itaque
777 560 903 586 mersa
919 548 1028 585 navis
1056 560 1187 586 omnes
1207 547 1394 585 destituit.

61 611 84 628 ¹⁰
97 610 244 648 Hector
263 610 333 648 diu
351 611 499 648 flumini
518 611 748 659 obluctatus,
765 611 854 649 cum
872 611 1030 649 madens
1044 611 1177 659 vestis,
1195 615 1234 648 et
1249 609 1399 647 astricti

59 673 226 723 crepidis
244 673 361 724 pedes
379 679 511 712 natare
531 674 790 724 prohiberent,
810 674 850 711 in
869 674 991 724 ripam
1010 678 1139 712 tamen
1166 673 1398 712 semianimis

59 736 202 785 evasit3
225 741 264 774 et
276 741 321 774 ut
332 737 498 787 primum
517 737 703 787 fatigatus
722 737 899 787 spiritum
917 737 1073 785 laxavit,
1089 749 1202 788 quem
1220 741 1345 774 metus
1361 741 1400 773 ct

57 799 271 849 periculum
302 799 556 848 intenderant,
577 799 684 837 nullo
717 800 923 849 adjuvaute
954 799 1111 851 (quippe
1138 800 1179 837 in
1207 799 1399 837 diversum

59 867 258 900 evaserant
273 863 356 913 alii)
375 863 614 901 exanimatus
629 868 697 900 est.
755 863 844 901 Rex
859 864 885 882 ¹¹
895 863 1024 901 amissi
1037 864 1120 912 ejus
1134 862 1324 900 desiderio
1340 875 1400 899 ve-

59 925 254 963 hementer
262 926 423 963 afflictus
436 930 506 971 est,
516 930 783 976 repertumque
795 938 932 976 corpus
944 926 1142 976 magnifico
1156 925 1182 943 ¹²
1192 925 1333 963 extulit
1344 925 1398 962 fu-

60 1001 159 1026 nere.
220 987 409 1027 Oneravit
440 988 541 1025 hunc
569 989 739 1026 dolorem
767 989 928 1026 nuncius
960 989 1097 1026 mortis
1125 988 1398 1036 Andromaehi,

59 1063 172 1102 quem
199 1051 422 1101 praefecerat
451 1051 595 1100 Syriae:
624 1051 758 1089 vivum
778 1051 980 1089 Samaritae
1007 1056 1275 1089 cremaverant.
1333 1051 1399 1089 Ad

60 1115 170 1164 cujus
190 1114 388 1152 interitum
402 1113 686 1162 vindicandum,
703 1116 847 1164 quanta
862 1114 1030 1151 maxima
1045 1114 1241 1152 celeritate
1259 1114 1399 1164 potuit,

60 1177 276 1215 contendit:
306 1177 596 1228 advenientique
615 1181 708 1215 sunt
735 1177 870 1215 traditi
898 1177 997 1214 tanti
1027 1177 1181 1215 sceleris
1213 1182 1397 1215 auctores.

61 1240 330 1278 Andromacho
360 1240 499 1278 deinde
531 1240 739 1278 Memnona
769 1240 994 1290 substituit3
1025 1240 1172 1278 affectis
1202 1241 1400 1291 supplicio,

60 1303 126 1354 qui
156 1308 362 1354 praetorem
390 1303 672 1341 interemerant.
730 1303 931 1354 Tyrannos
961 1303 1078 1353 (inter
1108 1316 1184 1352 eos,
1210 1303 1400 1354 Methym-

59 1379 230 1404 naeorum
249 1366 527 1415 Aristonicum,
548 1370 587 1404 et
609 1365 878 1418 Chrysolaum)
898 1366 1148 1417 popularibus
1179 1367 1257 1404 suis
1285 1367 1399 1404 tradi-

61 1429 131 1477 dit,
164 1442 260 1481 quos
292 1429 351 1467 illi
389 1430 446 1480 [¹³
460 1430 694 1478 innumeras]
724 1430 772 1468 ob
800 1429 960 1479 injurias
997 1434 1122 1468 tortos
1157 1435 1398 1469 necaverunt.

63 1492 356 1530 Atheniensium
393 1491 546 1541 deinde,
584 1492 914 1544 Rhodiorumque,
953 1497 992 1531 et
1030 1492 1215 1532 Chiorum
1252 1494 1401 1545 legatos

63 1555 184 1593 audit.
241 1555 501 1592 Athenienses
529 1555 729 1593 victoriam
757 1556 783 1574 ¹⁴
796 1555 1104 1606 gratulabantur,
1125 1562 1174 1605 et,
1194 1562 1239 1594 ut
1258 1557 1401 1607 captivi

64 1617 285 1657 Graecorum
315 1617 396 1656 suis
424 1617 731 1666 restituerentur,
761 1618 932 1656 orabant.
990 1619 1138 1657 Rhodii
1168 1625 1208 1658 et
1239 1620 1327 1659 Chii
1355 1621 1401 1658 dc
1440 1665 1448 1674 ι

62 1681 244 1730 praesidio
263 1680 531 1732 querebantur.
592 1679 736 1720 Omnes
754 1694 864 1732 aequa
883 1681 1098 1719 desiderare
1117 1682 1202 1730 visi,
1224 1682 1401 1733 impetra-

62 1748 210 1782 verunt.
268 1743 502 1794 Mitylenaeis
520 1756 681 1795 quoque,
696 1744 745 1783 ob
762 1744 954 1795 egregiam
975 1744 1013 1782 in
1030 1749 1158 1795 partes
1174 1758 1262 1783 suas
1276 1746 1402 1792 fidem,

63 1813 103 1845 et
121 1806 319 1858 pecuniam
337 1820 451 1858 quam
471 1807 512 1844 in
529 1807 675 1846 bellum
695 1807 970 1858 impenderant,
991 1808 1142 1846 obsides
1161 1809 1341 1857 reddidit,
1363 1815 1403 1848 et

62 1884 236 1922 magnam
254 1870 448 1921 regionem
467 1870 607 1908 finibus
625 1883 756 1908 eorum
787 1871 938 1920 adjecit.
999 1870 1225 1921 Cypriorum
1252 1886 1401 1924 quoque

63 1934 229 1984 regibus,
249 1933 316 1983 qui
345 1938 386 1971 et
415 1947 437 1971 a
456 1933 574 1971 Dario
607 1933 824 1971 defecerant
857 1934 906 1971 ad
939 1934 1075 1985 ipsum,
1097 1939 1136 1972 et
1166 1937 1402 1987 oppugnanti

64 1997 212 2047 Tyrum
231 1997 417 2034 miserant
436 1996 606 2044 classem,
627 2009 696 2046 pro
715 1997 851 2034 merito
871 1997 990 2034 honos
1009 1997 1164 2036 habitus
1184 2003 1253 2036 est.
1310 1999 1402 2036 Am-

63 2060 247 2109 photerus
267 2059 403 2097 deinde
423 2059 556 2096 classis
585 2059 792 2109 praefectus
811 2059 860 2096 ad
879 2060 1114 2098 liberandam
1144 2060 1298 2100 Cretam
1316 2063 1401 2100 mis-

65 2135 142 2170 sus,
164 2123 341 2173 (namque
370 2127 410 2159 et
438 2122 645 2159 Persarum
674 2127 713 2159 et
734 2122 1005 2173 Spartanorum
1037 2124 1152 2161 armis
1186 2124 1212 2143 ¹⁸
1223 2124 1401 2177 pleraque

65 2186 148 2233 ejus
168 2184 302 2222 insuloe
320 2184 620 2234 obsidebantur‚)
638 2185 665 2202 ¹⁶
678 2190 766 2223 ante
786 2186 912 2223 omnia
929 2199 1031 2224 mare
1047 2200 1070 2224 a
1084 2187 1255 2237 piraticis
1276 2188 1400 2225 classi-

67 2247 135 2284 bus
153 2243 348 2284 vindicare
369 2248 523 2296 jussus:
552 2248 702 2298 quippe·
717 2249 742 2266 ¹⁷
755 2248 962 2287 obnoxium
988 2250 1231 2300 praedonibus
1251 2256 1342 2298 crat,
1363 2251 1400 2287 in

65 2310 207 2348 bellum
226 2318 387 2360 utroque
409 2309 517 2361 Rege
537 2323 728 2349 converso.
786 2311 863 2349 His
891 2313 1121 2363 compositis,
1143 2313 1306 2351 Herculi
1328 2313 1386 2363 Ty

64 2374 122 2411 rio
142 2387 190 2411 ex
210 2386 301 2410 auro
321 2377 519 2421 crateram,
540 2387 624 2412 curn
645 2375 804 2426 triginta
823 2376 980 2425 pateris
997 2376 1159 2413 dicavit:
1193 2375 1387 2413 imminens

67 2450 137 2488 quc
159 2436 289 2484 Dario,
311 2436 384 2474 iter
403 2436 451 2473 ad
474 2436 710 2487 Euphratem
731 2438 973 2488 pronunciari
990 2439 1119 2488 jussit.
