1583 2680
605 169 767 195 L11313n
809 169 850 194 x.
894 169 1006 194 car.
1049 168 1079 194 1.
1434 155 1507 195 247

163 273 242 309 rus,
263 260 439 299 occurrit.
499 260 698 313 Equorum
727 261 864 300 domiti
895 273 1030 314 greges
1063 260 1333 313 sequebantur,
1363 274 1510 299 currus-

162 337 236 374 que
267 328 426 375 argento
465 328 504 362 et
541 337 632 362 auro
670 324 856 362 adornati.
929 324 1110 363 Pretiosa
1142 324 1327 375 supellex,
1361 324 1510 362 nobiles

160 399 332 437 gemmae,
353 400 467 434 aurea
496 387 625 438 magni
654 387 834 438 ponderis
861 401 965 436 vasa,
994 392 1197 439 vestesque
1227 400 1441 438 purpureae,
1471 393 1510 425 ct

161 449 307 501 signati
327 450 477 501 argenti
504 449 694 488 talentum
714 455 880 501 quatuor
905 450 1039 488 millia.
1098 449 1294 489 Caeterum
1313 455 1422 488 tanta
1448 450 1508 488 be-

158 513 325 563 nignitas
345 512 518 552 Barbaro
538 526 652 551 causa
670 514 805 552 mortis
824 514 912 552 fuit.
970 513 1073 552 Nam
1101 516 1186 552 cum
1218 513 1360 552 amieos
1379 527 1509 552 omnes

159 575 279 626 Regis
312 575 425 614 donis
457 589 571 627 super
603 577 773 627 ipsorum
805 582 895 615 vota
929 577 1124 625 coluisset,
1162 576 1307 629 Bagoae
1335 576 1507 628 spadoni,

158 638 227 689 qui
244 638 470 678 Alexandro
490 639 673 691 obsequio
693 640 864 690 corporis
883 639 1110 678 devinxerat
1127 639 1213 689 sibi,
1233 640 1382 678 nullum
1395 640 1507 678 hono-

158 714 238 739 rem
271 701 429 740 habuit:
477 702 770 754 admonitusque
802 716 826 740 a
857 703 1097 754 quibusdam,
1129 703 1245 754 quam
1281 703 1508 742 Alexandro

158 765 266 802 cordi
286 770 399 814 esset,
420 766 631 816 respondit,
652 767 794 804 amicos
826 766 960 818 Regis,
981 779 1057 805 non
1076 772 1203 805 scorta
1221 779 1261 805 se
1281 766 1418 815 colere,
1437 779 1507 804 ncc

158 828 273 865 moris
307 841 389 866 esse
426 828 571 877 Persis,
600 842 724 867 mares
745 829 895 877 ducere,
915 829 982 881 qui
1010 834 1144 880 stupro
1172 829 1505 868 effoeminarentur.

161 891 239 929 His
273 892 429 940 auditis,
450 892 567 942 spado
590 893 814 942 potentiam,
833 892 979 944 flagitio
1009 897 1048 930 et
1077 892 1264 931 dedecore
1291 893 1507 944 quaesitam,

157 955 197 992 in
227 960 343 1006 caput
372 955 604 994 nobilissimi
637 961 677 994 et
709 956 871 994 insontis
894 956 1116 994 ¹²exereuit.
1172 955 1350 1008 Namque
1381 957 1509 1008 gentis

161 1018 335 1068 ejusdem
370 1018 585 1056 levissimos
611 1018 721 1056 falsis
749 1018 975 1057 criminibus
1004 1019 1212 1067 adstruxit,
1231 1019 1397 1058 monitos
1425 1024 1507 1058 tum

157 1082 315 1120 demum
335 1094 380 1119 ca
400 1081 559 1131 deferre,
580 1082 669 1119 cum
699 1082 780 1132 ipse
810 1081 1000 1132 jussisset.
1057 1082 1235 1130 Interim,
1255 1082 1408 1133 quoties
1427 1083 1508 1121 sinc

159 1145 317 1183 arbitris
351 1150 446 1194 erat,
477 1144 654 1182 credulas
691 1144 813 1195 Regis
846 1158 958 1183 aures
991 1145 1186 1196 implebat,
1222 1146 1247 1164 ²³
1260 1145 1507 1184 dissimulans

157 1221 311 1246 causam
340 1208 418 1257 irae,
440 1209 516 1259 quo
535 1208 690 1259 gravior
723 1208 962 1246 criminantis
992 1209 1202 1246 auctoritas
1231 1214 1343 1247 esset.
1403 1208 1506 1248 Non-

158 1271 250 1309 dum
287 1276 489 1322 suspectus
525 1276 609 1309 crat
648 1271 831 1320 Orsines;
877 1272 994 1321 ¹⁴jam
1030 1276 1161 1309 tamen
1196 1272 1322 1311 vilior.
1398 1272 1507 1311 Reus

156 1335 258 1373 enim
289 1335 330 1372 in
362 1340 509 1373 secreto
542 1335 740 1386 agebatur,
771 1335 927 1373 latentis
963 1335 1128 1386 periculi
1160 1335 1342 1386 ignarus:
1373 1341 1414 1374 ct
1441 1337 1508 1374 im-

155 1398 473 1448 portunissimum
503 1404 684 1447 scortum,
717 1411 765 1436 ne
797 1399 838 1436 in
875 1403 1010 1449 stupro
1042 1398 1198 1450 quidem
1231 1404 1274 1437 et
1309 1399 1507 1438 dedecoris

155 1461 345 1511 patientia
363 1461 512 1499 fraudis
530 1461 706 1509 oblitum,
726 1461 878 1512 quotics
908 1474 1076 1500 amorem
1106 1462 1209 1514 regis
1242 1462 1282 1500 in
1309 1475 1350 1500 se
1379 1475 1505 1500 accen-

157 1525 278 1572 derat,
316 1523 496 1564 Orsinem
527 1525 640 1562 modo
678 1525 863 1573 avaritiae,
903 1525 1098 1563 interdum
1135 1526 1252 1564 etiam
1281 1525 1506 1564 defectionis

157 1587 351 1639 arguebat.

237 1654 270 1689 4.
303 1651 395 1689 Jam
422 1656 574 1688 matura
594 1655 704 1688 erant
732 1650 772 1688 in
802 1650 1009 1701 perniciem
1040 1651 1254 1690 innocentis
1281 1652 1505 1702 mendacia;

157 1720 197 1753 et
214 1715 348 1762 fatum,
369 1715 480 1764 cujus
510 1713 744 1752 inevitabilis
776 1727 858 1752 sors
888 1718 959 1762 est,
980 1714 1196 1765 appetebat.
1254 1715 1375 1753 Forte
1405 1715 1507 1753 enim

158 1778 404 1829 sepulchrum
437 1777 530 1828 Cyri
564 1777 789 1816 Alexander
821 1778 941 1828 jussit
974 1778 1128 1829 aperiri,
1148 1778 1187 1816 in
1214 1791 1290 1830 quo
1310 1784 1395 1817 crat
1421 1793 1508 1818 con-

160 1843 285 1880 ditum
319 1844 405 1892 ejus
425 1854 574 1892 corpus,
594 1841 657 1879 cui
685 1841 774 1879 dare
793 1841 950 1880 volebat
978 1841 1144 1880 inferias.
1203 1843 1314 1881 Auro
1333 1850 1507 1895 argento-

157 1918 231 1957 que
249 1905 439 1956 repletum
469 1917 552 1942 esse
583 1904 823 1942 crediderat:
855 1905 995 1956 quippe
1024 1905 1082 1942 ita
1102 1905 1205 1943 samii
1226 1905 1358 1944 Persae
1378 1907 1507 1958 vulga·

158 1974 302 2006 verant.
360 1968 439 2007 Sed
456 1973 598 2019 praeter
617 1967 794 2018 clypeum
814 1969 897 2018 ejus
925 1973 1090 2018 putrem,
1111 1981 1222 2006 arcus
1242 1968 1338 2006 duos
1358 1969 1506 2020 Scythi-

159 2044 235 2079 cos,
255 2036 295 2069 et
328 2031 530 2079 acinacem,
559 2031 658 2068 nihil
689 2031 840 2081 reperit.
899 2030 1095 2069 Caeteri'im
1123 2034 1266 2069 corona.
1295 2035 1414 2070 aurea
1441 2033 1507 2071 im-

159 2094 297 2144 posita,
318 2093 495 2141 amiculo,
525 2093 587 2131 cui
620 2099 842 2131 assueverat
872 2093 965 2143 ipse,
997 2094 1021 2112 ¹⁵
1035 2093 1187 2142 solium,
1207 2095 1246 2132 in
1265 2107 1340 2146 quo
1368 2108 1506 2147 corpus

166 2156 332 2208 jacebat,
352 2156 516 2204 velavit3
546 2156 720 2203 miratus,
740 2157 840 2193 tanti
873 2157 1037 2195 nominis
1070 2157 1229 2208 Regem,
1259 2158 1379 2197 tantis
1412 2173 1505 2210 prac-

161 2222 283 2258 ditum
304 2219 450 2270 opibus,
470 2219 574 2256 haud
606 2219 818 2269 pretiosius
837 2219 1031 2271 sepultum
1050 2233 1145 2269 esse,
1165 2222 1282 2272 quam
1305 2222 1339 2260 si
1367 2223 1506 2261 fuisset

161 2298 181 2322 e
213 2283 333 2334 plebe.
393 2282 601 2320 Proximus
633 2288 717 2320 crat
749 2282 863 2321 lateri
896 2284 1026 2335 spado,
1056 2285 1124 2336 qui
1156 2285 1305 2336 Regem
1343 2286 1507 2335 intuens,

161 2347 306 2393 “Quid
338 2346 519 2394 mirum,’'
548 2346 686 2398 iuquit,
715 2349 824 2395 “est,
844 2346 971 2385 inania
1003 2348 1206 2399 sepulchra
1236 2361 1319 2386 esse
1340 2349 1505 2400 Regum,

161 2412 249 2448 ci'um
271 2410 520 2459 Satraparum
541 2408 676 2446 domus
695 2423 831 2448 aurum
859 2410 947 2448 inde
967 2416 1140 2461 egestum
1160 2424 1294 2461 capere
1322 2424 1396 2448 non
1424 2425 1501 2461 pos-

161 2474 270 2513 sint?
327 2473 352 2491 ¹⁶
368 2472 480 2519 Quod
501 2472 549 2510 ad
568 2486 626 2510 me
647 2473 797 2522 attinet,
817 2474 898 2524 ipse
918 2474 988 2512 hoc
1008 2474 1161 2512 bustum
1175 2480 1288 2512 antea
1308 2487 1381 2511 non
1401 2474 1496 2512 vide-
