1583 2680
471 179 634 206 LIBER
672 179 739 205 1x.
780 161 890 205 c‘Ar.
930 178 1010 203 111.
1347 168 1423 205 :223

87 272 205 311 alium
224 272 352 312 orbem
381 285 491 323 paras
510 273 578 321 ire,
598 276 638 310 et
669 272 823 310 Indiam
840 271 976 323 quaeris
1011 268 1123 308 Indis
1149 282 1297 321 quoque
1326 270 1426 321 igno-

86 341 174 375 tam.
230 336 341 374 Inter
377 337 478 374 feras
510 340 775 386 serpentesque
808 335 987 386 degentes
1019 345 1148 371 eruere
1184 345 1232 370 ex
1267 333 1425 371 latebris

86 404 124 437 et
153 399 343 438 cubilibus
380 399 459 442 suis
495 399 650 449 expetis,
679 403 724 436 ut
749 398 859 448 plura
887 398 1004 448 quam
1034 396 1093 435 sol
1117 395 1237 445 videt,
1264 396 1426 435 victoria

86 462 236 501 lustres.
292 462 419 514 Digna
435 463 591 512 prorsus
608 461 788 513 cogitatio
816 461 941 499 animo
961 464 1040 509 tuo,
1059 459 1126 498 sed
1153 459 1268 498 altior
1285 464 1424 497 nostro.

88 526 227 564 Virtus
256 525 355 563 enim
384 530 449 563 tua
468 538 614 576 semper
640 525 681 562 in
708 524 939 562 incremento
959 523 1044 572 crit,
1063 527 1193 562 nostra
1211 523 1270 562 vis
1289 523 1328 560 in
1354 523 1427 561 fine

92 591 174 639 Jam
193 589 287 627 est.”

165 652 359 690 “Intuere
391 665 547 702 corpora
580 651 777 703 exanguia,
810 654 869 688 tot
898 650 1069 701 perfossa
1099 649 1330 698 vulneribus,
1369 654 1428 687 tot

86 715 328 753 cicatricibus
359 714 496 765 putria.
553 714 643 752 Jam
676 713 755 751 tela
783 713 936 751 hebetia
968 717 1068 762 sunt,
1095 714 1176 763 jam
1204 725 1311 751 arma
1342 712 1427 750 defi-

87 778 204 817 ciunt.
263 777 422 816 Vestem
440 777 646 815 'Persicam
676 776 878 825 induimus,
908 776 998 828 quia
1029 776 1235 814 domestica.
1269 775 1428 814 subvehi

87 854 162 879 non
194 846 330 892 potest.
387 841 436 879 In
465 845 666 878 externum
703 839 1013 891 degeneravimus
1048 839 1205 877 cultum.
1263 839 1286 857 ¹⁰
1302 837 1428 884 Quoto

87 904 220 955 cuique
249 903 367 942 lorica
386 903 474 942 est?
500 903 586 954 quis
616 916 755 954 equum
772 902 919 941 habet?
942 902 1036 953 jube
1053 902 1174 953 quaeri
1190 904 1307 953 quam
1333 902 1427 939 mul-

88 973 148 1005 tos
168 967 266 1006 servi
285 967 451 1018 ipsorum
469 967 658 1018 persecuti
676 966 764 1014 sint,
783 965 877 1017 quid
896 965 1028 1017 cuique
1049 965 1211 1016 supersit
1223 978 1270 1003 ex
1286 965 1426 1015 praeda.

90 1030 270 1070 Omnium
305 1030 476 1078 victores,
521 1029 686 1067 omnium
729 1029 860 1079 inopes
906 1041 1044 1067 sumus.
1119 1027 1201 1066 Nee
1238 1027 1428 1066 ”luxuria

87 1092 316 1140 laboramus,
336 1091 402 1130 sed
435 1091 538 1131 bello
565 1091 822 1129 instrumenta
839 1091 931 1130 belli
951 1091 1258 1141 consumpsimus.
1315 1090 1430 1128 Hunc

88 1160 132 1193 tu
150 1154 444 1206 pulcherrimum
463 1154 672 1192 exereitum
699 1154 842 1192 nudum
862 1153 1018 1203 objicies
1035 1154 1174 1193 belluis
1187 1154 1205 1191 ⁴?
1260 1153 1429 1199 Quarum

90 1220 112 1237 ¹²
126 1223 170 1256 ut
187 1217 471 1256 multitudinem
503 1221 664 1269 augeant
696 1217 743 1255 de
762 1217 954 1255 industria.
986 1216 1162 1265 Barbari,
1180 1230 1357 1269 magnum
1375 1221 1429 1254 ta-

87 1294 174 1319 men
193 1294 273 1318 esse
291 1293 490 1319 numerum
506 1281 529 1298 ¹³
541 1281 658 1318 etiam
677 1293 724 1318 ex
741 1279 939 1318 mendacio
958 1279 1168 1331 intellig0.’'

168 1347 190 1367 ‘⁴
208 1343 321 1390 Quod
349 1345 382 1382 si
411 1344 534 1382 adhuc
560 1348 758 1394 penetrare
786 1343 827 1381 in
854 1343 1010 1382 Indiam
1027 1348 1172 1382 certum
1191 1347 1259 1393 est,
1278 1344 1380 1395 regio
1409 1357 1430 1380 a

87 1407 243 1445 meridie
273 1407 402 1445 mimis
434 1411 543 1445 vasta
574 1411 642 1446 est.
700 1406 786 1452 Qua.
815 1407 985 1456 subacta,
1004 1406 1137 1446 licebit
1164 1406 1362 1445 decurrere
1390 1407 1430 1443 in

88 1471 186 1509 illud
203 1483 318 1519 mare,
337 1470 438 1521 quod
469 1470 583 1508 rebus
611 1469 786 1507 humanis
814 1469 1022 1508 terminum
1040 1469 1163 1508 voluit
1181 1482 1264 1507 esse
1282 1474 1428 1508 natura.

91 1532 170 1572 Cur
197 1533 362 1570 circuitu
391 1532 491 1582 petis
523 1532 695 1582 gloriam,
714 1545 800 1582 quae
819 1531 869 1569 ad
897 1544 1051 1569 manum
1068 1533 1194 1582 posita
1211 1531 1297 1570 est?
1352 1532 1431 1570 Hie

88 1608 237 1647 quoque
269 1596 432 1632 occurrit
469 1593 655 1633 Oceanus.
713 1593 802 1631 Nisi
837 1594 958 1632 mavis
985 1606 1125 1642 errare,
1154 1594 1179 1612 ¹⁴
1193 1595 1431 1644 pervenimus

89 1660 163 1710 quo
183 1663 251 1696 tua
280 1658 435 1696 fortuna
467 1657 581 1695 ducit.
638 1656 736 1695 Haee
767 1661 904 1705 tecum,
932 1658 1047 1707 quam
1079 1656 1161 1694 sine
1192 1661 1231 1694 te
1259 1669 1345 1694 cum
1370 1657 1431 1694 his

90 1721 194 1772 loqui
223 1721 351 1770 malui,
382 1721 489 1758 ¹⁵non
506 1725 550 1758 ut
579 1720 715 1758 inirem
745 1719 1022 1758 circumstantis
1049 1719 1240 1758 exercitiis
1257 1720 1430 1771 gratiam,

91 1785 158 1822 sed
186 1789 230 1822 ut
249 1797 378 1823 vocem
409 1784 646 1836 loquentium
674 1783 817 1834 potius,
845 1784 959 1834 quam
987 1783 1169 1834 gemitum
1198 1796 1431 1821 murmuran-

90 1848 187 1886 tium
206 1847 392 1886 audires.⁷’

169 1913 205 1949 9.
237 1911 294 1950 Ut
312 1911 425 1948 finem
444 1910 609 1948 orationi
630 1909 771 1949 Coenus
791 1909 983 1960 imposuit,
997 1909 1139 1947 clamor
1158 1909 1325 1960 undique
1346 1923 1430 1947 cuni

91 1974 245 2024 ploratu
276 1974 410 2021 oritur,
442 1973 602 2024 Regem,
631 1978 790 2023 patrem,
812 1973 1007 2010 dominum
1042 1972 1210 2010 confusis
1241 1972 1430 2023 appellan-

93 2037 188 2074 tium
218 2036 387 2074 vocibus.
446 2036 611 2087 Jamque
644 2041 683 2073 et
713 2035 780 2072 alii
810 2035 925 2072 duces
958 2034 1222 2086 praecipueque
1252 2035 1439 2084 seniores,

93 2099 200 2150 queis
234 2098 282 2136 ob
314 2103 469 2136 aetatem
506 2104 545 2136 et
578 2098 774 2136 excusatio
807 2097 1003 2135 honestior
1034 2102 1116 2135 erat
1148 2102 1188 2135 ct
1223 2099 1431 2136 auctoritas

93 2163 224 2211 major,
245 2160 380 2198 eadem
399 2161 664 2211 precabantur.
724 2160 798 2198 Ille
826 2173 894 2198 1100
914 2160 1099 2212 castigare
1118 2160 1342 2210 obstinatos,
1362 2175 1431 2200 nce

94 2224 268 2274 mitigare
288 2227 440 2272 poterat
458 2223 586 2260 iratos.
645 2223 781 2273 Itaque
812 2222 920 2273 inops
951 2222 1100 2261 consilii
1128 2223 1284 2262 desiluit
1316 2238 1335 2263 0
1365 2226 1430 2263 tri-

94 2286 235 2335 bunali,
272 2285 473 2336 claudique
514 2285 656 2336 regiam
690 2285 819 2336 jussit,
854 2285 1040 2334 omnibus,
1070 2292 1210 2337 praeter
1246 2294 1429 2336 assuetos,

95 2350 200 2388 adire
228 2348 442 2399 prohibitis.
500 2348 669 2386 Biduum
688 2349 753 2388 irae
773 2349 904 2387 datum
923 2355 994 2398 est,
1015 2350 1131 2388 tertio
1153 2350 1214 2388 die
1233 2353 1430 2401 processit,

95 2413 260 2464 erigique
281 2411 480 2449 duodecim
509 2425 593 2449 aras
613 2425 660 2450 ex
679 2412 865 2464 quadrato
894 2426 997 2461 sam,
1018 2420 1302 2451 monumentum
1325 2428 1428 2464 expe-

95 2475 252 2514 ditionis
285 2488 376 2522 suae,
417 2475 652 2512 muniinenta
679 2488 828 2526 quoque
859 2482 1068 2513 castrorum
1111 2477 1228 2526 jussit
1262 2477 1417 2514 extendi
