1583 2680
123 154 193 198 1'70
579 172 767 202 QUINTI
800 172 985 198 cunTn

197 267 256 303 36.
288 264 386 302 Haec
419 264 613 314 expeditio
652 264 886 302 deficientem
920 268 1056 316 magna
1093 278 1139 303 ex
1173 268 1282 315 parte
1318 262 1452 302 Asiam

115 328 216 365 fama
235 332 315 364 tam
334 332 554 377 opportunae
580 327 753 366 victoriae
781 326 936 366 domuit.
993 328 1160 367 Invictos
1188 327 1345 378 Scythas
1374 339 1453 363 esse

115 390 372 428 crediderant:
401 390 538 441 quibus
556 390 689 428 fractis
715 389 858 427 nullam
884 395 1036 441 gentem
1065 390 1311 429 Macedonum
1339 389 1453 427 armis

113 466 242 503 parem
273 453 354 490 fore
386 453 668 491 confitebantur.
724 452 861 503 Itaque
894 453 999 492 Sacae
1034 455 1171 492 misere
1199 453 1358 504 legatos,
1388 452 1454 502 qui

114 516 385 566 pollicerentur
411 520 561 567 gentem
587 515 765 553 mandata
791 516 985 555 facturam.
1045 516 1223 555 Moverat
1245 528 1308 553 eos
1334 514 1454 565 Regis

114 591 188 616 non
206 579 330 617 virtus
349 578 480 630 magis,
499 580 613 629 quam
631 578 831 616 clementia
848 579 889 617 in
915 579 1082 617 devictos
1103 579 1286 629 Scythas:
1314 577 1454 629 quippe

114 641 280 690 captivos
311 654 440 679 omncs
474 641 554 679 sine
579 641 703 691 pretio
730 641 939 690 remiserat,
959 643 1026 679 ⁹ut
1055 641 1168 679 fidem
1198 642 1350 689 faceret,
1381 638 1454 678 sibi

114 717 199 740 cum
228 704 471 741 ferocissimis
503 704 674 755 gentium
706 704 752 741 de
783 704 1022 752 fortitudine,
1053 717 1129 741 non
1160 703 1205 741 de
1238 703 1310 751 ira,
1337 702 1454 740 fuisse

114 771 312 804 certamen.
369 766 540 817 Benigne
562 766 681 816 igitur
708 765 876 816 exceptis
904 766 1085 804 Sacarum
1111 765 1260 817 legatis,
1280 765 1452 803 comitem

115 828 342 877 Excipinum
361 828 476 876 dedit,
497 827 618 865 adhuc
637 827 845 865 admodum
860 829 1052 877 juvenem,
1069 828 1196 866 aetatis
1224 829 1315 866 flore
1335 827 1440 865 conci

113 890 249 928 liatum
268 891 366 928 sibi:
395 890 567 941 quicum
595 890 718 940 specie
747 890 915 940 corporis
942 895 1112 942 aequaret
1131 890 1454 941 Hephaestionem,

112 953 239 1003 lepore
256 952 359 991 haud
378 954 467 991 sane
487 953 546 990 illi
563 965 632 1003 par
651 957 744 992 erat.
784 953 887 1003 Ipse,
911 953 1068 992 Cratero
1088 967 1173 991 cum
1192 954 1334 1003 majore
1347 957 1455 1003 parte

112 1016 305 1053 exercitiis
323 1015 482 1054 modicis
500 1015 703 1055 itineribus
722 1016 827 1067 sequi
851 1017 971 1066 jusso,
990 1016 1039 1054 ad
1067 1016 1296 1055 Maracanda
1321 1016 1454 1055 urbem

112 1079 256 1117 tendit:
289 1092 337 1117 ex
355 1081 429 1130 qua
448 1078 698 1129 Spitamenes,
718 1079 871 1130 cognito
896 1080 979 1129 ejus
1007 1079 1184 1128 adventu,
1204 1079 1346 1117 Baetra
1372 1092 1454 1128 per-

112 1143 273 1194 fugerat.
329 1141 467 1193 Itaque
486 1141 689 1192 quatriduo
708 1142 797 1180 Rex
814 1142 969 1193 longum
987 1141 1139 1179 itineris
1157 1141 1321 1192 spatium
1335 1154 1454 1178 emen-

114 1218 189 1254 sus,
209 1209 431 1255 pervenerat
463 1204 503 1242 in
533 1217 620 1242 eum
649 1204 786 1253 locum,
818 1204 861 1241 in
891 1217 977 1255 quo,
997 1204 1219 1242 Menedemo
1252 1204 1359 1253 duce,
1380 1203 1455 1241 duo

113 1268 236 1306 millia
270 1268 455 1318 peditum,
485 1271 524 1304 et
552 1271 740 1304 trecentos
767 1267 913 1317 equites
940 1267 1128 1306 amiserat.
1187 1267 1338 1305 Horum
1370 1279 1455 1304 ossa

113 1331 259 1369 tumulo
278 1330 428 1382 contegi
443 1330 572 1380 jussit,
593 1334 632 1368 et
651 1329 807 1367 inferias
823 1343 926 1368 more
944 1330 1069 1381 patrio
1077 1330 1201 1369 dedit.
1258 1330 1288 1368 J
1290 1343 1350 1367 am
1366 1330 1454 1369 Cra-

113 1400 219 1432 terus
249 1406 334 1432 cum
366 1393 550 1444 phalange
583 1392 759 1443 subsequi
792 1393 937 1442 jussus,
968 1393 1016 1430 ad
1047 1393 1192 1444 Regem
1221 1398 1452 1443 pervenerat.

113 1457 248 1509 Itaque
265 1462 309 1494 ut
337 1467 474 1504 omnes,
493 1455 559 1506 qui
588 1455 813 1504 defecerant,
832 1455 975 1505 pariter
1001 1455 1094 1494 belli
1121 1455 1226 1493 clade
1244 1469 1454 1506 premeren-

113 1525 189 1568 tur,
205 1519 330 1570 copias
349 1518 501 1567 dividit,
520 1517 655 1569 urique
673 1529 794 1569 agrOS‚
815 1522 853 1555 et
871 1517 1032 1555 interfici
1049 1517 1210 1568 puberes
1226 1519 1355 1568 jussit.

192 1583 242 1621 X.
274 1584 334 1620 37.
365 1581 556 1632 Sogdiana
576 1581 683 1632 regio
702 1582 844 1630 majore
864 1593 911 1619 cx
929 1585 1040 1631 parte
1059 1581 1209 1619 deserta
1227 1586 1310 1619 est:
1339 1581 1454 1619 octin-

112 1650 224 1697 genta
241 1645 321 1683 fere
341 1644 467 1683 stadia
484 1644 525 1681 in
543 1643 787 1681 latitudinem
805 1648 925 1683 vastae
952 1643 1174 1683 solitudines
1198 1648 1337 1682 tenent.
1393 1644 1455 1682 In-

112 1721 204 1759 gens
223 1707 390 1758 spatium
407 1711 523 1745 rectae
541 1706 704 1758 regionis
723 1710 792 1755 est,
812 1719 881 1756 per
898 1719 1009 1758 quam
1027 1706 1147 1744 amnis
1165 1706 1455 1757 (Polytimetum

114 1775 250 1810 vocant
268 1769 417 1821 incolae)
434 1770 558 1808 fertur
626 1769 848 1807 Torrentem
865 1782 950 1806 cum
967 1771 1061 1819 ripae
1078 1769 1119 1806 in
1137 1773 1290 1806 tenuem
1308 1769 1455 1807 alveum

114 1838 276 1885 cogunt:
306 1833 443 1871 deinde
464 1845 625 1871 caverna
644 1831 792 1882 accipit,
812 1836 851 1869 et
871 1831 942 1870 sub
970 1836 1111 1869 terram
1138 1831 1249 1882 rapit.
1307 1831 1455 1870 Cursus

114 1896 325 1935 absconditi
346 1895 529 1933 indicium
549 1899 607 1932 est
626 1907 734 1945 aqum
752 1894 913 1932 meantis
932 1906 1056 1942 sonuS,
1072 1894 1161 1931 cum
1180 1894 1304 1944 ipsum
1319 1895 1453 1942 solum,

114 1960 184 1997 sub
202 1972 276 2011 quo
295 1963 426 1997 tantus
447 1957 567 1995 amnis
585 1957 682 2006 fluit,
702 1970 749 1995 ne
768 1957 915 1995 modico
933 1957 1088 2007 quidem
1115 1957 1270 1995 resudet
1289 1958 1454 1995 1111111010.

116 2023 179 2060 Ex
198 2022 361 2072 captivis
382 2021 670 2073 Sogdianorum,
690 2020 738 2058 ad
758 2020 904 2071 Regem
932 2020 1092 2071 triginta
1118 2020 1357 2070 nobilissimi,
1378 2033 1456 2059 cor-

116 2099 249 2135 porum
270 2085 404 2123 robore
423 2084 573 2132 eximio,
593 2083 768 2134 perducti
786 2088 902 2121 crant.
961 2083 1036 2128 Qui
1058 2087 1103 2121 ut
1126 2097 1194 2134 per
1213 2085 1456 2135 interpretem

116 2151 372 2199 cognoverunt
401 2149 513 2196 jussu
544 2145 665 2198 Regis
698 2147 801 2196 ipsos
820 2146 869 2183 ad
903 2146 1129 2196 supplicium
1153 2147 1276 2198 trahi;
1306 2160 1456 2185 carmen

117 2210 329 2248 laetantium
360 2210 471 2247 modo
509 2222 653 2257 canere,
687 2209 951 2260 tripudiisque,
983 2214 1022 2246 ct
1050 2209 1249 2249 lasciviore
1288 2210 1457 2260 corporis

117 2278 234 2321 motu,
254 2271 433 2324 gaudium
451 2272 639 2323 quoddam
665 2272 780 2309 animi
802 2277 994 2310 ostentare
1021 2278 1224 2324 emperunt.
1281 2272 1457 2311 Admira-

120 2341 182 2373 tus
201 2335 299 2383 ch,
319 2337 427 2372 tanta
455 2334 717 2386 magnitudine
745 2335 861 2372 animi
889 2341 1064 2386 oppetere
1091 2341 1261 2384 mortem,
1291 2335 1457 2374 revocari

119 2411 180 2437 eos
209 2398 335 2448 jussit,
361 2411 511 2436 eausam
545 2402 622 2435 tam
653 2398 780 2436 effusae
813 2398 974 2447 lzrtitim,
995 2413 1078 2437 cum
1111 2399 1333 2449 supplicium
1369 2402 1458 2435 anto

118 2461 244 2500 oculos
260 2461 451 2509 habereut,
472 2461 673 2512 requirens.
734 2461 813 2509 Illi,
834 2461 866 2500 si
886 2462 933 2500 ab
949 2463 1022 2501 alio
1038 2462 1308 2510 occiderentur,
1328 2459 1458 2499 tristes
