1583 2680
446 176 606 202 mann
643 175 761 201 vsu.
800 176 1018 202 cAP.1v.
1341 166 1411 203 185

71 281 169 316 eum,
203 267 445 306 tabernaculo
476 268 654 318 excessit,
684 272 1004 320 percontatusque
1037 267 1130 320 quid
1160 268 1216 306 rei
1237 268 1298 315 sit,
1319 268 1412 307 ⁹illo

69 332 271 382 profitente
301 332 504 382 cognoscit.
572 331 707 370 Variae
735 331 824 370 hinc
855 331 1105 383 cogitationes
1137 331 1300 370 invicem
1338 333 1411 369 ani-

69 408 174 432 mum
208 394 359 432 diversa
396 395 603 445 agitantem
635 399 926 434 commoverant.
1002 395 1028 413 ¹⁰
1045 394 1231 433 Meritum
1278 395 1411 447 ingens

69 457 109 494 in
142 462 264 495 semet
294 470 376 495 esse
409 458 600 506 credebat,
631 458 736 510 qued
768 459 978 510 transfuga,
1009 462 1048 496 et
1080 458 1264 509 proditor,
1294 459 1412 495 tantis

69 520 184 559 rebus
203 520 251 569 (si
271 521 447 571 vixisset)
469 521 682 571 inJecturus
700 533 858 570 moram,
878 521 1102 560 interfectus
1122 526 1232 559 esset.
1266 520 1410 560 Contra

69 583 216 621 facinus
248 584 381 634 ingens
417 584 678 633 aversabatur,
717 585 806 622 edm
836 584 982 635 optime
1018 584 1198 622 meritum
1235 584 1283 622 de
1315 584 1406 635 ipsa.

69 647 327 685 communium
359 653 557 698 parentem
593 647 812 696 liberorum,
841 661 910 698 per
946 647 1105 686 insidias
1141 648 1410 686 interemisset.

74 711 96 728 ¹¹
116 709 225 748 Vicit
244 715 371 748 tamen
390 711 554 761 gratiam
572 711 702 749 meriti
722 711 878 749 sceleris
898 711 1095 759 atrocitas,
1116 711 1413 763 denunciarique

78 774 195 822 jussit
213 779 257 811 ut
277 775 480 812 excederet
500 775 650 823 castris,
671 787 747 813 neu
775 774 941 813 licentiae
960 774 1145 813 Barbarae
1163 774 1354 825 exemplar
1374 774 1412 811 in

74 836 294 875 Graecorum
313 850 438 875 mores
459 843 498 875 et
527 838 638 875 mitia
669 838 822 889 ingenia
839 838 1076 875 transferret.
1134 837 1265 885 Dahae,
1288 837 1412 888 Spita-

71 900 191 937 menis
224 900 326 938 caede
357 902 564 950 comperta,
604 900 890 951 Dataphernem
928 901 1150 939 defectionis
1184 902 1267 950 ejus
1298 901 1412 951 parti-

71 963 194 1013 cipem
212 963 384 1001 vinctum
412 963 648 1011 Alexandro,
669 976 781 1015 seque
810 963 965 1001 dedunt.
1022 963 1098 1001 Ille
1126 963 1294 1001 maxima
1322 976 1415 1014 prae—

71 1026 238 1063 sentium
267 1039 446 1064 curarum
475 1032 585 1077 parte
618 1027 816 1075 liberatus,
837 1026 1025 1064 convertit
1060 1027 1228 1064 animum
1258 1026 1307 1064 ad
1334 1027 1413 1065 vin-

71 1088 252 1126 dicandas
281 1089 444 1139 injurias
475 1102 617 1138 eorum,
637 1089 778 1140 quibus
806 1102 829 1126 a
857 1089 1095 1127 Praetoribus
1124 1090 1203 1127 suis
1229 1091 1342 1127 avare
1372 1102 1414 1127 ac

70 1151 233 1203 superbe
270 1151 540 1203 imperabatur.
617 1152 723 1202 Ergo
761 1151 1047 1202 Phratapherni
1085 1152 1336 1203 Hyrcaniam,
1376 1157 1415 1189 ct

73 1215 231 1253 Mardos
261 1227 348 1253 cum
379 1215 544 1266 Tapyris
577 1215 750 1264 tradidit,
781 1215 1053 1267 mandavitque
1086 1220 1131 1253 ut
1164 1215 1413 1264 Phradatem,

72 1279 135 1316 cui
164 1279 403 1327 succedebat,
425 1279 473 1318 ad
507 1292 547 1317 se
579 1280 620 1316 in
649 1279 863 1317 custodiam
892 1279 1074 1317 mitteret.
1132 1279 1277 1317 Arsani
1297 1279 1415 1317 Dran-

72 1354 203 1379 carum
223 1341 414 1380 Praefecto
431 1341 664 1380 substitutus
683 1347 743 1380 est
763 1342 958 1381 Stasanor.
998 1342 1166 1380 Arsaces
1186 1343 1225 1380 in
1246 1342 1416 1380 Mediam

72 1405 223 1455 missus,
258 1410 304 1443 ut
344 1405 544 1456 Oxydates
581 1405 671 1443 inde
708 1405 933 1444 diseederet.
1002 1405 1228 1456 Babylonia,
1266 1412 1416 1444 mortuo

77 1467 237 1516 Mazaeo,
259 1468 432 1507 Stameni
452 1469 625 1518 subjecta
643 1474 713 1506 est.

153 1530 228 1568 IV.
265 1533 320 1568 14.
352 1531 429 1568 His
459 1531 691 1581 compositis,
713 1531 828 1568 tertio
858 1543 986 1568 mense
1016 1544 1064 1569 ex
1091 1531 1271 1581 hybernis
1298 1532 1417 1569 movit

76 1593 299 1641 exercitum,
319 1593 525 1643 regionem,
544 1607 632 1644 quae
661 1593 816 1632 Gabaza
843 1593 1072 1643 appellatur,
1093 1594 1277 1632 aditurus.
1336 1595 1417 1633 Pri-

75 1669 161 1694 mus
176 1655 258 1694 dies
276 1656 449 1707 quietum
468 1656 542 1694 iter
560 1656 747 1706 praebuit:
776 1656 974 1706 proximus
1001 1656 1049 1705 ei,
1078 1657 1245 1695 nondum
1264 1657 1418 1709 quidem

75 1719 308 1770 procellosus
345 1724 385 1757 et
421 1719 558 1767 tristis,
597 1719 793 1757 obscurior
829 1724 959 1756 tamen
1003 1719 1178 1769 pristino,
1216 1733 1292 1758 non
1338 1721 1419 1758 sine

75 1782 190 1820 minis
219 1782 424 1821 crescentis
453 1782 544 1819 mali
573 1783 770 1832 praeteriit.
829 1782 963 1820 Tertio
991 1782 1039 1820 ab
1069 1783 1171 1820 omni
1203 1789 1313 1834 parte
1333 1783 1419 1822 coeli

76 1845 238 1884 emicare
257 1846 425 1896 fulgura,
445 1851 485 1883 et
504 1859 604 1883 nunc
636 1845 887 1884 internitente
917 1845 1012 1895 luce,
1032 1859 1132 1884 nune
1150 1847 1317 1897 condita,
1344 1859 1420 1885 non

76 1909 207 1947 oculos
238 1909 353 1947 mode
386 1909 550 1946 meantis
581 1909 790 1957 exercitus,
820 1909 889 1947 sed
920 1909 1036 1947 etiam
1070 1910 1216 1948 animos
1250 1910 1259 1927 ¹
1277 1915 1420 1948 terrere

77 1976 283 2023 eoeperunt.
342 1971 442 2010 Erat
469 1972 588 2023 prope
622 1972 825 2010 continuus
855 1971 941 2010 coeli
960 1973 1100 2022 fragor,
1122 1977 1161 2010 et
1189 1973 1334 2023 passim
1364 1985 1420 2011 ea-

78 2036 251 2073 dentium
291 2035 496 2073 fulminum
536 2036 680 2087 species
717 2035 938 2074 visebatur:
979 2036 1229 2087 attonitisque
1265 2036 1421 2074 auribus

78 2103 240 2149 stupens
271 2111 416 2149 agmen,
448 2110 517 2137 nec
546 2099 740 2151 progredi,
759 2111 829 2137 nee
859 2098 1056 2137 considere
1088 2099 1263 2138 audebat.
1321 2100 1422 2138 Tum

78 2162 236 2211 repente
267 2161 401 2209 imber,
420 2161 646 2213 grandinem
675 2162 874 2210 incutiens,
909 2162 1093 2200 torrentis
1122 2162 1236 2201 modo
1265 2163 1422 2201 effundi-

79 2229 154 2260 tur.
212 2223 274 2261 Ac
305 2223 429 2273 primo
457 2224 610 2275 quidem
642 2225 758 2263 armis
790 2225 869 2262 suis
898 2224 991 2263 tecti
1019 2225 1286 2276 'exceperant
1345 2225 1421 2264 Sed

89 2287 171 2335 jam
200 2297 270 2323 nec
289 2285 453 2324 retinere
483 2299 589 2325 arma
617 2287 776 2326 lubricae
803 2293 843 2325 et
870 2287 1039 2340 rigentes
1069 2301 1204 2326 manus
1233 2292 1421 2339 poterant,

80 2349 175 2386 ’nec
206 2348 280 2398 ipsi
308 2348 498 2387 destinare
531 2349 570 2387 in
599 2363 714 2402 quam
740 2351 935 2403 regionem
972 2351 1218 2389 obverterent
1254 2363 1421 2399 corpora,

82 2413 166 2449 cum
196 2410 366 2462 undique
401 2413 642 2462 tempestatis
677 2413 861 2451 violentia
892 2415 1026 2464 major,
1063 2415 1179 2465 quam
1215 2412 1422 2458 vitabatur,

83 2479 309 2513 occurreret.
370 2474 478 2525 Ergo
512 2474 707 2514 ordinibus
737 2476 885 2526 solutis,
905 2490 974 2528 per
1005 2482 1128 2514 totum
1158 2475 1298 2513 saltum
1327 2487 1421 2512 erra-
