<?xml version="1.0" encoding="UTF-8"?>
<!DOCTYPE html PUBLIC "-//W3C//DTD XHTML 1.0 Transitional//EN"
    "http://www.w3.org/TR/xhtml1/DTD/xhtml1-transitional.dtd">
<html xmlns="http://www.w3.org/1999/xhtml" xml:lang="en" lang="en">
 <head>
  <title>
</title>
<meta http-equiv="Content-Type" content="text/html;charset=utf-8" />
  <meta name='ocr-system' content='tesseract 3.04.00' />
  <meta name='ocr-capabilities' content='ocr_page ocr_carea ocr_par ocr_line ocrx_word'/>
</head>
<body>
  <div class='ocr_page' id='page_1' title='image "./lifeexploitsofal00curtuoft/lifeexploitsofal00curtuoft_0064.png"; bbox 0 0 1583 2680; ppageno 0'>
   <div class='ocr_carea' id='block_1_1' title="bbox 121 141 983 183">
    <p class='ocr_par' dir='ltr' id='par_1_1' title="bbox 121 141 983 183">
     <span class='ocr_line' id='line_1_1' title="bbox 121 141 983 183; baseline -0.003 -7"><span class='ocrx_word' id='word_1_1' title='bbox 121 141 167 176; x_wconf 72' lang='lat'>54</span> <span class='ocrx_word' id='word_1_2' title='bbox 582 150 764 183; x_wconf 82' lang='lat' dir='ltr'>QUINTI</span> <span class='ocrx_word' id='word_1_3' title='bbox 801 148 983 175; x_wconf 75' lang='lat' dir='ltr'>cunTn</span> 
     </span>
    </p>
   </div>
   <div class='ocr_carea' id='block_1_2' title="bbox 113 231 1459 2433">
    <p class='ocr_par' dir='ltr' id='par_1_2' title="bbox 115 231 1456 860">
     <span class='ocr_line' id='line_1_2' title="bbox 116 231 1432 292; baseline -0.002 -12"><span class='ocrx_word' id='word_1_4' title='bbox 116 243 236 280; x_wconf 84' lang='lat' dir='ltr'>manti</span> <span class='ocrx_word' id='word_1_5' title='bbox 253 231 364 280; x_wconf 73' lang='lat' dir='ltr'>fidem</span> <span class='ocrx_word' id='word_1_6' title='bbox 383 243 537 292; x_wconf 89' lang='lat' dir='ltr'>oraculi,</span> <span class='ocrx_word' id='word_1_7' title='bbox 558 256 654 281; x_wconf 85' lang='lat' dir='ltr'>vana</span> <span class='ocrx_word' id='word_1_8' title='bbox 683 242 852 292; x_wconf 78' lang='lat' dir='ltr'>profecto</span> <span class='ocrx_word' id='word_1_9' title='bbox 880 252 1061 291; x_wconf 84' lang='lat' dir='ltr'>responsa</span> <span class='ocrx_word' id='word_1_10' title='bbox 1078 238 1200 279; x_wconf 78' lang='lat' dir='ltr'>videri</span> <span class='ocrx_word' id='word_1_11' title='bbox 1218 239 1432 290; x_wconf 83' lang='lat' dir='ltr'>potuissent</span> 
     </span>
     <span class='ocr_line' id='line_1_3' title="bbox 116 303 1454 357; baseline -0.001 -14"><span class='ocrx_word' id='word_1_12' title='bbox 116 305 184 343; x_wconf 88' lang='lat' dir='ltr'>sed</span> <span class='ocrx_word' id='word_1_13' title='bbox 224 306 389 354; x_wconf 84' lang='lat' dir='ltr'>fortuna,</span> <span class='ocrx_word' id='word_1_14' title='bbox 423 318 515 357; x_wconf 88' lang='lat' dir='ltr'>quos</span> <span class='ocrx_word' id='word_1_15' title='bbox 547 306 612 343; x_wconf 90' lang='lat' dir='ltr'>uni</span> <span class='ocrx_word' id='word_1_16' title='bbox 643 305 717 343; x_wconf 87' lang='lat' dir='ltr'>sibi</span> <span class='ocrx_word' id='word_1_17' title='bbox 747 304 897 341; x_wconf 86' lang='lat' dir='ltr'>credere</span> <span class='ocrx_word' id='word_1_18' title='bbox 931 303 1065 355; x_wconf 83' lang='lat' dir='ltr'>coegit,</span> <span class='ocrx_word' id='word_1_19' title='bbox 1097 305 1234 355; x_wconf 69' lang='lat' dir='ltr'>magna.</span> <span class='ocrx_word' id='word_1_20' title='bbox 1271 316 1318 341; x_wconf 82' lang='lat' dir='ltr'>ex</span> <span class='ocrx_word' id='word_1_21' title='bbox 1345 307 1454 353; x_wconf 86' lang='lat' dir='ltr'>parte</span> 
     </span>
     <span class='ocr_line' id='line_1_4' title="bbox 115 366 1455 420; baseline -0.001 -14"><span class='ocrx_word' id='word_1_22' title='bbox 115 369 248 407; x_wconf 85' lang='lat' dir='ltr'>avidos</span> <span class='ocrx_word' id='word_1_23' title='bbox 267 369 399 420; x_wconf 83' lang='lat' dir='ltr'>gloriae</span> <span class='ocrx_word' id='word_1_24' title='bbox 415 369 547 419; x_wconf 80' lang='lat' dir='ltr'>magis,</span> <span class='ocrx_word' id='word_1_25' title='bbox 567 369 591 386; x_wconf 72' lang='lat'>³⁰</span> <span class='ocrx_word' id='word_1_26' title='bbox 605 369 721 419; x_wconf 60' lang='lat' dir='ltr'>quam</span> <span class='ocrx_word' id='word_1_27' title='bbox 740 380 894 417; x_wconf 82' lang='lat' dir='ltr'>capaces</span> <span class='ocrx_word' id='word_1_28' title='bbox 911 367 1014 405; x_wconf 82' lang='lat' dir='ltr'>facit.</span> <span class='ocrx_word' id='word_1_29' title='bbox 1071 366 1102 405; x_wconf 79' lang='lat' dir='ltr'><strong>J</strong></span> <span class='ocrx_word' id='word_1_30' title='bbox 1103 367 1182 405; x_wconf 86' lang='lat' dir='ltr'>ovis</span> <span class='ocrx_word' id='word_1_31' title='bbox 1200 366 1318 418; x_wconf 81' lang='lat' dir='ltr'>igitur</span> <span class='ocrx_word' id='word_1_32' title='bbox 1335 367 1455 404; x_wconf 86' lang='lat' dir='ltr'>filium</span> 
     </span>
     <span class='ocr_line' id='line_1_5' title="bbox 116 429 1455 482; baseline -0.001 -13"><span class='ocrx_word' id='word_1_33' title='bbox 116 445 156 469; x_wconf 86' lang='lat' dir='ltr'>se</span> <span class='ocrx_word' id='word_1_34' title='bbox 174 445 250 469; x_wconf 90' lang='lat' dir='ltr'>non</span> <span class='ocrx_word' id='word_1_35' title='bbox 270 432 395 470; x_wconf 74' lang='lat' dir='ltr'>solum</span> <span class='ocrx_word' id='word_1_36' title='bbox 413 431 597 482; x_wconf 88' lang='lat' dir='ltr'>appellari</span> <span class='ocrx_word' id='word_1_37' title='bbox 624 442 756 480; x_wconf 85' lang='lat' dir='ltr'>passus</span> <span class='ocrx_word' id='word_1_38' title='bbox 775 434 844 478; x_wconf 87' lang='lat' dir='ltr'>est,</span> <span class='ocrx_word' id='word_1_39' title='bbox 864 429 930 468; x_wconf 87' lang='lat' dir='ltr'>sed</span> <span class='ocrx_word' id='word_1_40' title='bbox 948 430 1063 467; x_wconf 87' lang='lat' dir='ltr'>etiam</span> <span class='ocrx_word' id='word_1_41' title='bbox 1086 430 1202 480; x_wconf 85' lang='lat' dir='ltr'>jussit</span> <span class='ocrx_word' id='word_1_42' title='bbox 1218 443 1226 468; x_wconf 74' lang='grc' dir='ltr'>ε</span> <span class='ocrx_word' id='word_1_43' title='bbox 1254 442 1455 481; x_wconf 82' lang='lat' dir='ltr'><strong>rerumque</strong></span> 
     </span>
     <span class='ocr_line' id='line_1_6' title="bbox 116 492 1455 546; baseline -0.002 -13"><span class='ocrx_word' id='word_1_44' title='bbox 116 501 308 546; x_wconf 82' lang='lat' dir='ltr'>gestarum</span> <span class='ocrx_word' id='word_1_45' title='bbox 327 496 350 513; x_wconf 77' lang='lat'>³¹</span> <span class='ocrx_word' id='word_1_46' title='bbox 367 495 518 542; x_wconf 84' lang='lat' dir='ltr'>famam,</span> <span class='ocrx_word' id='word_1_47' title='bbox 539 493 628 530; x_wconf 74' lang='lat' dir='ltr'>dum</span> <span class='ocrx_word' id='word_1_48' title='bbox 647 506 786 544; x_wconf 83' lang='lat' dir='ltr'>augere</span> <span class='ocrx_word' id='word_1_49' title='bbox 804 493 902 541; x_wconf 81' lang='lat' dir='ltr'>vult,</span> <span class='ocrx_word' id='word_1_50' title='bbox 921 493 994 530; x_wconf 87' lang='lat' dir='ltr'>tali</span> <span class='ocrx_word' id='word_1_51' title='bbox 1023 492 1274 544; x_wconf 71' lang='lat' dir='ltr'>appellatione</span> <span class='ocrx_word' id='word_1_52' title='bbox 1293 505 1455 530; x_wconf 66' lang='lat' dir='ltr'>cossum-⁸</span> 
     </span>
     <span class='ocr_line' id='line_1_7' title="bbox 115 555 1455 608; baseline -0.001 -14"><span class='ocrx_word' id='word_1_53' title='bbox 115 559 180 608; x_wconf 83' lang='lat' dir='ltr'>pit.</span> <span class='ocrx_word' id='word_1_54' title='bbox 238 558 329 595; x_wconf 67' lang='lat' dir='ltr'>³2Et</span> <span class='ocrx_word' id='word_1_55' title='bbox 366 556 603 604; x_wconf 79' lang='lat' dir='ltr'>Macedones,</span> <span class='ocrx_word' id='word_1_56' title='bbox 635 556 775 594; x_wconf 86' lang='lat' dir='ltr'>assueti</span> <span class='ocrx_word' id='word_1_57' title='bbox 804 556 957 607; x_wconf 88' lang='lat' dir='ltr'>quidem</span> <span class='ocrx_word' id='word_1_58' title='bbox 987 556 1093 607; x_wconf 86' lang='lat' dir='ltr'>regio</span> <span class='ocrx_word' id='word_1_59' title='bbox 1121 556 1292 607; x_wconf 86' lang='lat' dir='ltr'>imperio,</span> <span class='ocrx_word' id='word_1_60' title='bbox 1321 556 1387 594; x_wconf 89' lang='lat' dir='ltr'>sed</span> <span class='ocrx_word' id='word_1_61' title='bbox 1415 555 1455 592; x_wconf 88' lang='lat' dir='ltr'>in</span> 
     </span>
     <span class='ocr_line' id='line_1_8' title="bbox 115 619 1456 671; baseline -0.001 -14"><span class='ocrx_word' id='word_1_62' title='bbox 115 622 258 670; x_wconf 86' lang='lat' dir='ltr'>majore</span> <span class='ocrx_word' id='word_1_63' title='bbox 276 620 465 659; x_wconf 76' lang='lat' dir='ltr'>libertatis</span> <span class='ocrx_word' id='word_1_64' title='bbox 495 619 630 658; x_wconf 73' lang='lat' dir='ltr'>umbra</span> <span class='ocrx_word' id='word_1_65' title='bbox 649 621 764 670; x_wconf 71' lang='lat' dir='ltr'>quam</span> <span class='ocrx_word' id='word_1_66' title='bbox 793 623 940 658; x_wconf 86' lang='lat' dir='ltr'>caeterae</span> <span class='ocrx_word' id='word_1_67' title='bbox 967 624 1109 671; x_wconf 83' lang='lat' dir='ltr'>gentes,</span> <span class='ocrx_word' id='word_1_68' title='bbox 1129 619 1456 657; x_wconf 87' lang='lat' dir='ltr'>immortalitatem</span> 
     </span>
     <span class='ocr_line' id='line_1_9' title="bbox 115 681 1455 734; baseline -0.001 -14"><span class='ocrx_word' id='word_1_69' title='bbox 115 684 364 731; x_wconf 81' lang='lat' dir='ltr'>affectantem,</span> <span class='ocrx_word' id='word_1_70' title='bbox 384 682 647 720; x_wconf 73' lang='lat' dir='ltr'>contumacius</span> <span class='ocrx_word' id='word_1_71' title='bbox 675 683 791 734; x_wconf 68' lang='lat' dir='ltr'>quam</span> <span class='ocrx_word' id='word_1_72' title='bbox 810 687 876 720; x_wconf 87' lang='lat' dir='ltr'>aut</span> <span class='ocrx_word' id='word_1_73' title='bbox 905 683 999 733; x_wconf 88' lang='lat' dir='ltr'>ipsis</span> <span class='ocrx_word' id='word_1_74' title='bbox 1019 682 1242 732; x_wconf 72' lang='lat' dir='ltr'>expediebat</span> <span class='ocrx_word' id='word_1_75' title='bbox 1259 686 1325 720; x_wconf 84' lang='lat' dir='ltr'>aut</span> <span class='ocrx_word' id='word_1_76' title='bbox 1343 681 1455 733; x_wconf 76' lang='lat' dir='ltr'>Regi,</span> 
     </span>
     <span class='ocr_line' id='line_1_10' title="bbox 115 745 1452 797; baseline 0 -15"><span class='ocrx_word' id='word_1_77' title='bbox 115 746 303 783; x_wconf 81' lang='lat' dir='ltr'>adversati</span> <span class='ocrx_word' id='word_1_78' title='bbox 336 750 431 784; x_wconf 84' lang='lat' dir='ltr'>sunt.</span> <span class='ocrx_word' id='word_1_79' title='bbox 502 745 578 784; x_wconf 84' lang='lat' dir='ltr'>Sed</span> <span class='ocrx_word' id='word_1_80' title='bbox 609 746 691 784; x_wconf 83' lang='lat' dir='ltr'>haec</span> <span class='ocrx_word' id='word_1_81' title='bbox 724 758 791 784; x_wconf 89' lang='lat' dir='ltr'>suo</span> <span class='ocrx_word' id='word_1_82' title='bbox 823 758 982 797; x_wconf 77' lang='lat' dir='ltr'>quaeque</span> <span class='ocrx_word' id='word_1_83' title='bbox 1014 745 1178 796; x_wconf 83' lang='lat' dir='ltr'>tempori</span> <span class='ocrx_word' id='word_1_84' title='bbox 1204 749 1452 783; x_wconf 82' lang='lat' dir='ltr'><strong>reserventur.</strong></span> 
     </span>
     <span class='ocr_line' id='line_1_11' title="bbox 116 808 735 860; baseline 0.002 -15"><span class='ocrx_word' id='word_1_85' title='bbox 116 808 226 845; x_wconf 82' lang='lat' dir='ltr'>Nunc</span> <span class='ocrx_word' id='word_1_86' title='bbox 246 813 382 846; x_wconf 78' lang='lat' dir='ltr'>caetera</span> <span class='ocrx_word' id='word_1_87' title='bbox 401 809 554 860; x_wconf 76' lang='lat' dir='ltr'>exsequi</span> <span class='ocrx_word' id='word_1_88' title='bbox 571 822 735 859; x_wconf 85' lang='lat' dir='ltr'>pergam.</span> 
     </span>
    </p>

    <p class='ocr_par' dir='ltr' id='par_1_3' title="bbox 113 871 1459 2433">
     <span class='ocr_line' id='line_1_12' title="bbox 194 871 1455 920; baseline 0 -12"><span class='ocrx_word' id='word_1_89' title='bbox 194 871 315 909; x_wconf 86' lang='lat' dir='ltr'>VIII.</span> <span class='ocrx_word' id='word_1_90' title='bbox 346 874 405 911; x_wconf 86' lang='lat'>31.</span> <span class='ocrx_word' id='word_1_91' title='bbox 436 871 656 910; x_wconf 80' lang='lat' dir='ltr'>Alexander</span> <span class='ocrx_word' id='word_1_92' title='bbox 676 871 723 911; x_wconf 82' lang='lat' dir='ltr'>ab</span> <span class='ocrx_word' id='word_1_93' title='bbox 742 872 957 909; x_wconf 82' lang='lat' dir='ltr'>Hammone</span> <span class='ocrx_word' id='word_1_94' title='bbox 985 871 1148 920; x_wconf 86' lang='lat' dir='ltr'>rediens,</span> <span class='ocrx_word' id='word_1_95' title='bbox 1168 875 1212 908; x_wconf 89' lang='lat' dir='ltr'>ut</span> <span class='ocrx_word' id='word_1_96' title='bbox 1240 871 1289 908; x_wconf 88' lang='lat' dir='ltr'>ad</span> <span class='ocrx_word' id='word_1_97' title='bbox 1308 871 1455 909; x_wconf 89' lang='lat' dir='ltr'>Mareo-</span> 
     </span>
     <span class='ocr_line' id='line_1_13' title="bbox 115 934 1456 985; baseline 0.001 -15"><span class='ocrx_word' id='word_1_98' title='bbox 115 934 185 971; x_wconf 78' lang='lat' dir='ltr'>tim</span> <span class='ocrx_word' id='word_1_99' title='bbox 214 934 389 984; x_wconf 75' lang='lat' dir='ltr'>paludem</span> <span class='ocrx_word' id='word_1_100' title='bbox 417 935 520 973; x_wconf 85' lang='lat' dir='ltr'>haud</span> <span class='ocrx_word' id='word_1_101' title='bbox 548 935 681 985; x_wconf 86' lang='lat' dir='ltr'>procul</span> <span class='ocrx_word' id='word_1_102' title='bbox 710 935 838 973; x_wconf 73' lang='lat' dir='ltr'>insula</span> <span class='ocrx_word' id='word_1_103' title='bbox 866 934 992 972; x_wconf 88' lang='lat' dir='ltr'>Pharo</span> <span class='ocrx_word' id='word_1_104' title='bbox 1021 935 1133 972; x_wconf 86' lang='lat' dir='ltr'>sitam</span> <span class='ocrx_word' id='word_1_105' title='bbox 1149 934 1265 983; x_wconf 86' lang='lat' dir='ltr'>venit,</span> <span class='ocrx_word' id='word_1_106' title='bbox 1293 938 1456 972; x_wconf 86' lang='lat' dir='ltr'>contem-</span> 
     </span>
     <span class='ocr_line' id='line_1_14' title="bbox 113 997 1456 1048; baseline 0 -14"><span class='ocrx_word' id='word_1_107' title='bbox 113 998 240 1047; x_wconf 77' lang='lat' dir='ltr'>platus</span> <span class='ocrx_word' id='word_1_108' title='bbox 269 998 344 1035; x_wconf 90' lang='lat' dir='ltr'>loci</span> <span class='ocrx_word' id='word_1_109' title='bbox 375 1003 562 1046; x_wconf 87' lang='lat' dir='ltr'>naturam,</span> <span class='ocrx_word' id='word_1_110' title='bbox 593 998 763 1048; x_wconf 75' lang='lat' dir='ltr'>primum</span> <span class='ocrx_word' id='word_1_111' title='bbox 793 998 834 1035; x_wconf 87' lang='lat' dir='ltr'>in</span> <span class='ocrx_word' id='word_1_112' title='bbox 864 998 949 1047; x_wconf 67' lang='lat' dir='ltr'>ipsa</span> <span class='ocrx_word' id='word_1_113' title='bbox 968 997 1094 1035; x_wconf 70' lang='lat' dir='ltr'>insul-a</span> <span class='ocrx_word' id='word_1_114' title='bbox 1110 1002 1296 1035; x_wconf 79' lang='lat' dir='ltr'>statuerat</span> <span class='ocrx_word' id='word_1_115' title='bbox 1322 997 1456 1035; x_wconf 87' lang='lat' dir='ltr'>urbem</span> 
     </span>
     <span class='ocr_line' id='line_1_15' title="bbox 114 1060 1456 1111; baseline 0 -14"><span class='ocrx_word' id='word_1_116' title='bbox 114 1074 248 1098; x_wconf 84' lang='lat' dir='ltr'>novam</span> <span class='ocrx_word' id='word_1_117' title='bbox 285 1061 454 1098; x_wconf 88' lang='lat' dir='ltr'>condere.</span> <span class='ocrx_word' id='word_1_118' title='bbox 512 1060 622 1108; x_wconf 75' lang='lat' dir='ltr'>Inde,</span> <span class='ocrx_word' id='word_1_119' title='bbox 654 1065 698 1098; x_wconf 89' lang='lat' dir='ltr'>ut</span> <span class='ocrx_word' id='word_1_120' title='bbox 731 1060 907 1110; x_wconf 85' lang='lat' dir='ltr'>apparuit</span> <span class='ocrx_word' id='word_1_121' title='bbox 945 1061 954 1078; x_wconf 87' lang='lat'>¹</span> <span class='ocrx_word' id='word_1_122' title='bbox 973 1073 1122 1111; x_wconf 80' lang='lat' dir='ltr'>magnae</span> <span class='ocrx_word' id='word_1_123' title='bbox 1158 1060 1260 1098; x_wconf 86' lang='lat' dir='ltr'>sedis</span> <span class='ocrx_word' id='word_1_124' title='bbox 1292 1060 1456 1098; x_wconf 83' lang='lat' dir='ltr'>insulam</span> 
     </span>
     <span class='ocr_line' id='line_1_16' title="bbox 114 1123 1456 1174; baseline 0 -14"><span class='ocrx_word' id='word_1_125' title='bbox 114 1123 215 1160; x_wconf 86' lang='lat' dir='ltr'>haud</span> <span class='ocrx_word' id='word_1_126' title='bbox 235 1136 418 1173; x_wconf 78' lang='lat' dir='ltr'>capacem,</span> <span class='ocrx_word' id='word_1_127' title='bbox 439 1123 555 1174; x_wconf 77' lang='lat' dir='ltr'>elegit</span> <span class='ocrx_word' id='word_1_128' title='bbox 581 1123 667 1161; x_wconf 86' lang='lat' dir='ltr'>urbi</span> <span class='ocrx_word' id='word_1_129' title='bbox 686 1123 809 1160; x_wconf 86' lang='lat' dir='ltr'>locum</span> <span class='ocrx_word' id='word_1_130' title='bbox 825 1123 893 1161; x_wconf 88' lang='lat' dir='ltr'>ubi</span> <span class='ocrx_word' id='word_1_131' title='bbox 916 1135 1015 1160; x_wconf 90' lang='lat' dir='ltr'>nunc</span> <span class='ocrx_word' id='word_1_132' title='bbox 1044 1127 1102 1160; x_wconf 87' lang='lat' dir='ltr'>est</span> <span class='ocrx_word' id='word_1_133' title='bbox 1130 1123 1375 1171; x_wconf 80' lang='lat' dir='ltr'>Alexandria,</span> <span class='ocrx_word' id='word_1_134' title='bbox 1395 1137 1456 1172; x_wconf 85' lang='lat' dir='ltr'>ap-</span> 
     </span>
     <span class='ocr_line' id='line_1_17' title="bbox 113 1185 1456 1237; baseline 0 -14"><span class='ocrx_word' id='word_1_135' title='bbox 113 1186 356 1237; x_wconf 86' lang='lat' dir='ltr'>pellationem</span> <span class='ocrx_word' id='word_1_136' title='bbox 367 1185 523 1223; x_wconf 87' lang='lat' dir='ltr'>trahens</span> <span class='ocrx_word' id='word_1_137' title='bbox 536 1198 582 1222; x_wconf 78' lang='lat' dir='ltr'>ex</span> <span class='ocrx_word' id='word_1_138' title='bbox 592 1185 742 1223; x_wconf 87' lang='lat' dir='ltr'>nomine</span> <span class='ocrx_word' id='word_1_139' title='bbox 752 1185 919 1223; x_wconf 86' lang='lat' dir='ltr'>auctoris</span> <span class='ocrx_word' id='word_1_140' title='bbox 931 1198 938 1223; x_wconf 93' lang='lat'>:</span> <span class='ocrx_word' id='word_1_141' title='bbox 959 1185 1173 1236; x_wconf 80' lang='lat' dir='ltr'>complexus</span> <span class='ocrx_word' id='word_1_142' title='bbox 1183 1185 1370 1237; x_wconf 85' lang='lat' dir='ltr'>quidquid</span> <span class='ocrx_word' id='word_1_143' title='bbox 1382 1185 1456 1223; x_wconf 88' lang='lat' dir='ltr'>loci</span> 
     </span>
     <span class='ocr_line' id='line_1_18' title="bbox 116 1248 1455 1300; baseline 0 -14"><span class='ocrx_word' id='word_1_144' title='bbox 116 1253 172 1286; x_wconf 87' lang='lat' dir='ltr'>est</span> <span class='ocrx_word' id='word_1_145' title='bbox 190 1248 291 1286; x_wconf 88' lang='lat' dir='ltr'>inter</span> <span class='ocrx_word' id='word_1_146' title='bbox 308 1248 485 1298; x_wconf 87' lang='lat' dir='ltr'>paludem</span> <span class='ocrx_word' id='word_1_147' title='bbox 499 1253 536 1286; x_wconf 89' lang='lat' dir='ltr'>et</span> <span class='ocrx_word' id='word_1_148' title='bbox 550 1262 664 1297; x_wconf 88' lang='lat' dir='ltr'>mare,</span> <span class='ocrx_word' id='word_1_149' title='bbox 683 1249 695 1266; x_wconf 76' lang='lat'><strong>²</strong></span> <span class='ocrx_word' id='word_1_150' title='bbox 707 1248 900 1300; x_wconf 81' lang='lat' dir='ltr'>octoginta</span> <span class='ocrx_word' id='word_1_151' title='bbox 914 1249 1117 1287; x_wconf 86' lang='lat' dir='ltr'>stadiorum</span> <span class='ocrx_word' id='word_1_152' title='bbox 1133 1249 1252 1287; x_wconf 88' lang='lat' dir='ltr'>muris</span> <span class='ocrx_word' id='word_1_153' title='bbox 1271 1249 1455 1287; x_wconf 89' lang='lat' dir='ltr'>ambitum</span> 
     </span>
     <span class='ocr_line' id='line_1_19' title="bbox 118 1311 1456 1362; baseline 0 -13"><span class='ocrx_word' id='word_1_154' title='bbox 118 1311 300 1361; x_wconf 73' lang='lat' dir='ltr'>{lestinat3</span> <span class='ocrx_word' id='word_1_155' title='bbox 345 1316 383 1349; x_wconf 88' lang='lat' dir='ltr'>et</span> <span class='ocrx_word' id='word_1_156' title='bbox 414 1312 480 1362; x_wconf 86' lang='lat' dir='ltr'>qui</span> <span class='ocrx_word' id='word_1_157' title='bbox 519 1311 750 1350; x_wconf 75' lang='lat' dir='ltr'>aedificandae</span> <span class='ocrx_word' id='word_1_158' title='bbox 784 1311 873 1350; x_wconf 88' lang='lat' dir='ltr'>urbi</span> <span class='ocrx_word' id='word_1_159' title='bbox 903 1317 1110 1362; x_wconf 56' lang='lat' dir='ltr'>praeessent</span> <span class='ocrx_word' id='word_1_160' title='bbox 1146 1312 1304 1361; x_wconf 84' lang='lat' dir='ltr'>relictis,</span> <span class='ocrx_word' id='word_1_161' title='bbox 1338 1312 1456 1350; x_wconf 85' lang='lat' dir='ltr'>Mem--</span> 
     </span>
     <span class='ocr_line' id='line_1_20' title="bbox 117 1374 1457 1426; baseline 0.001 -15"><span class='ocrx_word' id='word_1_162' title='bbox 117 1375 217 1424; x_wconf 85' lang='lat' dir='ltr'>phim</span> <span class='ocrx_word' id='word_1_163' title='bbox 249 1374 358 1424; x_wconf 87' lang='lat' dir='ltr'>petit.</span> <span class='ocrx_word' id='word_1_164' title='bbox 417 1374 582 1425; x_wconf 86' lang='lat' dir='ltr'>Cupido,</span> <span class='ocrx_word' id='word_1_165' title='bbox 603 1374 706 1412; x_wconf 85' lang='lat' dir='ltr'>haud</span> <span class='ocrx_word' id='word_1_166' title='bbox 732 1375 876 1424; x_wconf 82' lang='lat' dir='ltr'>injusta</span> <span class='ocrx_word' id='word_1_167' title='bbox 902 1375 1068 1426; x_wconf 85' lang='lat' dir='ltr'>quidem,</span> <span class='ocrx_word' id='word_1_168' title='bbox 1098 1376 1281 1414; x_wconf 74' lang='lat' dir='ltr'>eaeterslm</span> <span class='ocrx_word' id='word_1_169' title='bbox 1300 1375 1457 1413; x_wconf 75' lang='lat' dir='ltr'>³intem-</span> 
     </span>
     <span class='ocr_line' id='line_1_21' title="bbox 116 1437 1457 1490; baseline 0.001 -16"><span class='ocrx_word' id='word_1_170' title='bbox 116 1438 260 1487; x_wconf 80' lang='lat' dir='ltr'>pestiva</span> <span class='ocrx_word' id='word_1_171' title='bbox 295 1437 513 1486; x_wconf 85' lang='lat' dir='ltr'>incesserat,</span> <span class='ocrx_word' id='word_1_172' title='bbox 550 1451 625 1475; x_wconf 89' lang='lat' dir='ltr'>non</span> <span class='ocrx_word' id='word_1_173' title='bbox 662 1438 841 1475; x_wconf 87' lang='lat' dir='ltr'>interiora</span> <span class='ocrx_word' id='word_1_174' title='bbox 877 1438 990 1476; x_wconf 76' lang='lat' dir='ltr'>modo</span> <span class='ocrx_word' id='word_1_175' title='bbox 1027 1439 1204 1490; x_wconf 74' lang='lat' dir='ltr'>AEgypti‚</span> <span class='ocrx_word' id='word_1_176' title='bbox 1238 1438 1305 1476; x_wconf 83' lang='lat' dir='ltr'>sed</span> <span class='ocrx_word' id='word_1_177' title='bbox 1342 1439 1457 1476; x_wconf 86' lang='lat' dir='ltr'>etiam</span> 
     </span>
     <span class='ocr_line' id='line_1_22' title="bbox 115 1501 1457 1553; baseline 0.002 -16"><span class='ocrx_word' id='word_1_178' title='bbox 115 1501 382 1551; x_wconf 76' lang='lat' dir='ltr'>⁴AEthi0piam</span> <span class='ocrx_word' id='word_1_179' title='bbox 411 1501 586 1539; x_wconf 83' lang='lat' dir='ltr'>invisere.</span> <span class='ocrx_word' id='word_1_180' title='bbox 645 1501 861 1539; x_wconf 88' lang='lat' dir='ltr'>Memnonis</span> <span class='ocrx_word' id='word_1_181' title='bbox 883 1501 1116 1552; x_wconf 84' lang='lat' dir='ltr'>Tithonique</span> <span class='ocrx_word' id='word_1_182' title='bbox 1143 1502 1334 1540; x_wconf 67' lang='lat' dir='ltr'>celebrata</span> <span class='ocrx_word' id='word_1_183' title='bbox 1352 1502 1457 1553; x_wconf 82' lang='lat' dir='ltr'>regia</span> 
     </span>
     <span class='ocr_line' id='line_1_23' title="bbox 116 1564 1457 1614; baseline 0.001 -13"><span class='ocrx_word' id='word_1_184' title='bbox 116 1564 385 1613; x_wconf 69' lang='lat' dir='ltr'>cognoscendae</span> <span class='ocrx_word' id='word_1_185' title='bbox 404 1564 610 1601; x_wconf 83' lang='lat' dir='ltr'>vetustatis</span> <span class='ocrx_word' id='word_1_186' title='bbox 630 1564 786 1602; x_wconf 87' lang='lat' dir='ltr'>avidum</span> <span class='ocrx_word' id='word_1_187' title='bbox 805 1564 984 1602; x_wconf 83' lang='lat' dir='ltr'>trahebat</span> <span class='ocrx_word' id='word_1_188' title='bbox 1011 1564 1108 1614; x_wconf 75' lang='lat' dir='ltr'>pene</span> <span class='ocrx_word' id='word_1_189' title='bbox 1131 1569 1240 1602; x_wconf 78' lang='lat' dir='ltr'>ext-ra</span> <span class='ocrx_word' id='word_1_190' title='bbox 1273 1565 1457 1603; x_wconf 85' lang='lat' dir='ltr'>terminos</span> 
     </span>
     <span class='ocr_line' id='line_1_24' title="bbox 118 1626 1458 1679; baseline 0.001 -15"><span class='ocrx_word' id='word_1_191' title='bbox 118 1627 226 1664; x_wconf 83' lang='lat' dir='ltr'>Solis.</span> <span class='ocrx_word' id='word_1_192' title='bbox 286 1626 364 1665; x_wconf 78' lang='lat' dir='ltr'>Sed</span> <span class='ocrx_word' id='word_1_193' title='bbox 383 1626 606 1663; x_wconf 78' lang='lat' dir='ltr'>5imminens</span> <span class='ocrx_word' id='word_1_194' title='bbox 640 1626 794 1675; x_wconf 87' lang='lat' dir='ltr'>bellum,</span> <span class='ocrx_word' id='word_1_195' title='bbox 817 1629 925 1676; x_wconf 86' lang='lat' dir='ltr'>cujus</span> <span class='ocrx_word' id='word_1_196' title='bbox 957 1627 1080 1664; x_wconf 77' lang='lat' dir='ltr'>multo</span> <span class='ocrx_word' id='word_1_197' title='bbox 1112 1629 1234 1677; x_wconf 86' lang='lat' dir='ltr'>major</span> <span class='ocrx_word' id='word_1_198' title='bbox 1264 1633 1458 1679; x_wconf 86' lang='lat' dir='ltr'>supererat</span> 
     </span>
     <span class='ocr_line' id='line_1_25' title="bbox 116 1689 1457 1742; baseline 0.001 -16"><span class='ocrx_word' id='word_1_199' title='bbox 116 1689 246 1738; x_wconf 76' lang='lat' dir='ltr'>moles,</span> <span class='ocrx_word' id='word_1_200' title='bbox 293 1689 425 1727; x_wconf 69' lang='lat' dir='ltr'>otiosa&gt;</span> <span class='ocrx_word' id='word_1_201' title='bbox 469 1689 767 1740; x_wconf 81' lang='lat' dir='ltr'>peregrinationi</span> <span class='ocrx_word' id='word_1_202' title='bbox 812 1694 985 1740; x_wconf 84' lang='lat' dir='ltr'>tempora</span> <span class='ocrx_word' id='word_1_203' title='bbox 1031 1696 1234 1728; x_wconf 75' lang='lat' dir='ltr'>exemerat.</span> <span class='ocrx_word' id='word_1_204' title='bbox 1318 1691 1457 1742; x_wconf 87' lang='lat' dir='ltr'>Itaque</span> 
     </span>
     <span class='ocr_line' id='line_1_26' title="bbox 117 1752 1456 1803; baseline 0.001 -14"><span class='ocrx_word' id='word_1_205' title='bbox 117 1752 290 1803; x_wconf 75' lang='lat' dir='ltr'>IEgypto</span> <span class='ocrx_word' id='word_1_206' title='bbox 323 1752 497 1802; x_wconf 83' lang='lat' dir='ltr'>praefecit</span> <span class='ocrx_word' id='word_1_207' title='bbox 518 1752 747 1802; x_wconf 70' lang='lat' dir='ltr'>IEschylum</span> <span class='ocrx_word' id='word_1_208' title='bbox 777 1753 986 1800; x_wconf 86' lang='lat' dir='ltr'>Rhodium,</span> <span class='ocrx_word' id='word_1_209' title='bbox 1008 1758 1047 1790; x_wconf 90' lang='lat' dir='ltr'>et</span> <span class='ocrx_word' id='word_1_210' title='bbox 1082 1753 1304 1791; x_wconf 85' lang='lat' dir='ltr'>Peucestem</span> <span class='ocrx_word' id='word_1_211' title='bbox 1334 1754 1456 1792; x_wconf 84' lang='lat' dir='ltr'>Maee-</span> 
     </span>
     <span class='ocr_line' id='line_1_27' title="bbox 117 1814 1457 1866; baseline 0.002 -15"><span class='ocrx_word' id='word_1_212' title='bbox 117 1816 264 1864; x_wconf 86' lang='lat' dir='ltr'>donem,</span> <span class='ocrx_word' id='word_1_213' title='bbox 282 1820 445 1865; x_wconf 79' lang='lat' dir='ltr'>quatuor</span> <span class='ocrx_word' id='word_1_214' title='bbox 474 1814 645 1852; x_wconf 89' lang='lat' dir='ltr'>millibus</span> <span class='ocrx_word' id='word_1_215' title='bbox 674 1814 843 1852; x_wconf 88' lang='lat' dir='ltr'>militum</span> <span class='ocrx_word' id='word_1_216' title='bbox 863 1815 901 1852; x_wconf 91' lang='lat' dir='ltr'>in</span> <span class='ocrx_word' id='word_1_217' title='bbox 928 1815 1150 1864; x_wconf 79' lang='lat' dir='ltr'>praesidium</span> <span class='ocrx_word' id='word_1_218' title='bbox 1180 1816 1345 1866; x_wconf 76' lang='lat' dir='ltr'>regionis</span> <span class='ocrx_word' id='word_1_219' title='bbox 1375 1819 1457 1866; x_wconf 80' lang='lat' dir='ltr'>ejus</span> 
     </span>
     <span class='ocr_line' id='line_1_28' title="bbox 118 1876 1457 1931; baseline 0.002 -17"><span class='ocrx_word' id='word_1_220' title='bbox 118 1878 238 1915; x_wconf 82' lang='lat' dir='ltr'>datis:</span> <span class='ocrx_word' id='word_1_221' title='bbox 260 1878 449 1915; x_wconf 83' lang='lat' dir='ltr'>⁰elaustra</span> <span class='ocrx_word' id='word_1_222' title='bbox 470 1876 554 1914; x_wconf 84' lang='lat' dir='ltr'>Nili</span> <span class='ocrx_word' id='word_1_223' title='bbox 573 1877 737 1914; x_wconf 84' lang='lat' dir='ltr'>fluminis</span> <span class='ocrx_word' id='word_1_224' title='bbox 760 1877 1006 1915; x_wconf 81' lang='lat' dir='ltr'>Polemonem</span> <span class='ocrx_word' id='word_1_225' title='bbox 1026 1878 1126 1916; x_wconf 85' lang='lat' dir='ltr'>tueri</span> <span class='ocrx_word' id='word_1_226' title='bbox 1143 1878 1274 1927; x_wconf 80' lang='lat' dir='ltr'>jubet3</span> <span class='ocrx_word' id='word_1_227' title='bbox 1300 1880 1457 1931; x_wconf 78' lang='lat' dir='ltr'>triginta.</span> 
     </span>
     <span class='ocr_line' id='line_1_29' title="bbox 118 1940 1458 1993; baseline 0.001 -15"><span class='ocrx_word' id='word_1_228' title='bbox 118 1941 165 1978; x_wconf 84' lang='lat' dir='ltr'>ad</span> <span class='ocrx_word' id='word_1_229' title='bbox 184 1941 254 1978; x_wconf 87' lang='lat' dir='ltr'>hoc</span> <span class='ocrx_word' id='word_1_230' title='bbox 286 1941 460 1978; x_wconf 86' lang='lat' dir='ltr'>triremes</span> <span class='ocrx_word' id='word_1_231' title='bbox 492 1940 602 1978; x_wconf 70' lang='lat' dir='ltr'>datm.</span> <span class='ocrx_word' id='word_1_232' title='bbox 662 1941 808 1978; x_wconf 76' lang='lat' dir='ltr'>Afrieae</span> <span class='ocrx_word' id='word_1_233' title='bbox 843 1941 994 1988; x_wconf 63' lang='lat' dir='ltr'>deinde,</span> <span class='ocrx_word' id='word_1_234' title='bbox 1014 1955 1100 1991; x_wconf 71' lang='lat' dir='ltr'>qua&gt;</span> <span class='ocrx_word' id='word_1_235' title='bbox 1121 1941 1294 1993; x_wconf 38' lang='lat' dir='ltr'>*Egypto</span> <span class='ocrx_word' id='word_1_236' title='bbox 1323 1945 1458 1993; x_wconf 78' lang='lat' dir='ltr'>juncta</span> 
     </span>
     <span class='ocr_line' id='line_1_30' title="bbox 118 2003 1457 2055; baseline 0.004 -15"><span class='ocrx_word' id='word_1_237' title='bbox 118 2010 188 2051; x_wconf 74' lang='lat' dir='ltr'>est,</span> <span class='ocrx_word' id='word_1_238' title='bbox 222 2004 451 2054; x_wconf 63' lang='lat' dir='ltr'>plwpositus</span> <span class='ocrx_word' id='word_1_239' title='bbox 488 2003 767 2053; x_wconf 78' lang='lat' dir='ltr'>Appollonius3</span> <span class='ocrx_word' id='word_1_240' title='bbox 809 2004 1062 2055; x_wconf 74' lang='lat' dir='ltr'>vectigalibus</span> <span class='ocrx_word' id='word_1_241' title='bbox 1101 2006 1272 2054; x_wconf 78' lang='lat' dir='ltr'>ejusdem</span> <span class='ocrx_word' id='word_1_242' title='bbox 1311 2007 1457 2045; x_wconf 72' lang='lat' dir='ltr'>Afric-:c</span> 
     </span>
     <span class='ocr_line' id='line_1_31' title="bbox 121 2066 1456 2121; baseline 0.002 -16"><span class='ocrx_word' id='word_1_243' title='bbox 121 2066 371 2117; x_wconf 59' lang='lat' dir='ltr'>IEgypfiun</span> <span class='ocrx_word' id='word_1_244' title='bbox 409 2066 641 2105; x_wconf 82' lang='lat' dir='ltr'>Cleomenes.</span> <span class='ocrx_word' id='word_1_245' title='bbox 714 2067 777 2104; x_wconf 79' lang='lat' dir='ltr'>Ex</span> <span class='ocrx_word' id='word_1_246' title='bbox 814 2067 986 2104; x_wconf 87' lang='lat' dir='ltr'>finitimis</span> <span class='ocrx_word' id='word_1_247' title='bbox 1019 2067 1177 2105; x_wconf 86' lang='lat' dir='ltr'>urbibus</span> <span class='ocrx_word' id='word_1_248' title='bbox 1211 2070 1456 2121; x_wconf 78' lang='lat' dir='ltr'>commigrare</span> 
     </span>
     <span class='ocr_line' id='line_1_32' title="bbox 121 2129 1455 2183; baseline 0.003 -16"><span class='ocrx_word' id='word_1_249' title='bbox 121 2129 396 2167; x_wconf 78' lang='lat' dir='ltr'>Alexandriam</span> <span class='ocrx_word' id='word_1_250' title='bbox 423 2129 554 2178; x_wconf 78' lang='lat' dir='ltr'>jussis,</span> <span class='ocrx_word' id='word_1_251' title='bbox 575 2130 731 2167; x_wconf 78' lang='lat' dir='ltr'>⁷nova1n</span> <span class='ocrx_word' id='word_1_252' title='bbox 754 2129 886 2167; x_wconf 79' lang='lat' dir='ltr'>urbem</span> <span class='ocrx_word' id='word_1_253' title='bbox 906 2132 1042 2180; x_wconf 69' lang='lat' dir='ltr'>magna</span> <span class='ocrx_word' id='word_1_254' title='bbox 1062 2131 1307 2170; x_wconf 77' lang='lat' dir='ltr'>multitudine</span> <span class='ocrx_word' id='word_1_255' title='bbox 1328 2133 1455 2183; x_wconf 86' lang='lat' dir='ltr'>imple-</span> 
     </span>
     <span class='ocr_line' id='line_1_33' title="bbox 121 2192 1455 2245; baseline 0.004 -16"><span class='ocrx_word' id='word_1_256' title='bbox 121 2193 184 2229; x_wconf 78' lang='lat' dir='ltr'>vit.</span> <span class='ocrx_word' id='word_1_257' title='bbox 243 2192 361 2230; x_wconf 83' lang='lat' dir='ltr'>Fama</span> <span class='ocrx_word' id='word_1_258' title='bbox 382 2197 451 2237; x_wconf 83' lang='lat' dir='ltr'>est,</span> <span class='ocrx_word' id='word_1_259' title='bbox 473 2193 562 2229; x_wconf 69' lang='lat' dir='ltr'>eum</span> <span class='ocrx_word' id='word_1_260' title='bbox 583 2193 615 2230; x_wconf 80' lang='lat' dir='ltr'>R</span> <span class='ocrx_word' id='word_1_261' title='bbox 626 2206 671 2229; x_wconf 82' lang='lat' dir='ltr'>ex</span> <span class='ocrx_word' id='word_1_262' title='bbox 691 2192 798 2230; x_wconf 77' lang='lat' dir='ltr'>urbis</span> <span class='ocrx_word' id='word_1_263' title='bbox 819 2193 959 2231; x_wconf 74' lang='lat' dir='ltr'>sutura&gt;</span> <span class='ocrx_word' id='word_1_264' title='bbox 979 2207 1106 2231; x_wconf 79' lang='lat' dir='ltr'>muros</span> <span class='ocrx_word' id='word_1_265' title='bbox 1127 2195 1291 2245; x_wconf 57' lang='lat' dir='ltr'>polenta,</span> <span class='ocrx_word' id='word_1_266' title='bbox 1312 2201 1357 2234; x_wconf 84' lang='lat' dir='ltr'>ut</span> <span class='ocrx_word' id='word_1_267' title='bbox 1378 2197 1455 2234; x_wconf 79' lang='lat' dir='ltr'>Ma-</span> 
     </span>
     <span class='ocr_line' id='line_1_34' title="bbox 121 2255 1458 2309; baseline 0.004 -17"><span class='ocrx_word' id='word_1_268' title='bbox 121 2255 304 2292; x_wconf 83' lang='lat' dir='ltr'>cedonum</span> <span class='ocrx_word' id='word_1_269' title='bbox 333 2268 414 2292; x_wconf 86' lang='lat' dir='ltr'>mos</span> <span class='ocrx_word' id='word_1_270' title='bbox 437 2260 506 2302; x_wconf 81' lang='lat' dir='ltr'>est,</span> <span class='ocrx_word' id='word_1_271' title='bbox 527 2255 772 2301; x_wconf 60' lang='lat' dir='ltr'>destinasset,</span> <span class='ocrx_word' id='word_1_272' title='bbox 794 2256 919 2293; x_wconf 76' lang='lat' dir='ltr'>avium</span> <span class='ocrx_word' id='word_1_273' title='bbox 948 2270 1082 2306; x_wconf 68' lang='lat' dir='ltr'>greges</span> <span class='ocrx_word' id='word_1_274' title='bbox 1111 2258 1320 2309; x_wconf 64' lang='lat' dir='ltr'>advolasse,</span> <span class='ocrx_word' id='word_1_275' title='bbox 1340 2264 1379 2297; x_wconf 83' lang='lat' dir='ltr'>et</span> <span class='ocrx_word' id='word_1_276' title='bbox 1397 2273 1458 2309; x_wconf 84' lang='lat' dir='ltr'>po·</span> 
     </span>
     <span class='ocr_line' id='line_1_35' title="bbox 121 2317 1459 2374; baseline 0.004 -19"><span class='ocrx_word' id='word_1_277' title='bbox 121 2317 226 2355; x_wconf 60' lang='lat' dir='ltr'>lenta</span> <span class='ocrx_word' id='word_1_278' title='bbox 247 2331 327 2356; x_wconf 88' lang='lat' dir='ltr'>esse</span> <span class='ocrx_word' id='word_1_279' title='bbox 347 2323 485 2368; x_wconf 79' lang='lat' dir='ltr'>pastas.</span> <span class='ocrx_word' id='word_1_280' title='bbox 547 2318 720 2369; x_wconf 68' lang='lat' dir='ltr'>Cumque</span> <span class='ocrx_word' id='word_1_281' title='bbox 737 2319 774 2355; x_wconf 85' lang='lat' dir='ltr'>id</span> <span class='ocrx_word' id='word_1_282' title='bbox 790 2332 896 2356; x_wconf 84' lang='lat' dir='ltr'>omen</span> <span class='ocrx_word' id='word_1_283' title='bbox 914 2333 978 2369; x_wconf 80' lang='lat' dir='ltr'>pro</span> <span class='ocrx_word' id='word_1_284' title='bbox 996 2321 1098 2358; x_wconf 66' lang='lat' dir='ltr'>tristi</span> <span class='ocrx_word' id='word_1_285' title='bbox 1115 2335 1135 2358; x_wconf 81' lang='lat' dir='ltr'>a</span> <span class='ocrx_word' id='word_1_286' title='bbox 1151 2322 1338 2374; x_wconf 85' lang='lat' dir='ltr'>plerisque</span> <span class='ocrx_word' id='word_1_287' title='bbox 1359 2329 1459 2361; x_wconf 79' lang='lat' dir='ltr'>essct</span> 
     </span>
     <span class='ocr_line' id='line_1_36' title="bbox 122 2382 1456 2433; baseline 0.003 -13"><span class='ocrx_word' id='word_1_288' title='bbox 122 2386 329 2433; x_wconf 73' lang='lat' dir='ltr'>acceptum,</span> <span class='ocrx_word' id='word_1_289' title='bbox 351 2382 593 2433; x_wconf 68' lang='lat' dir='ltr'>respondisse</span> <span class='ocrx_word' id='word_1_290' title='bbox 615 2388 733 2429; x_wconf 70' lang='lat' dir='ltr'>vates,</span> <span class='ocrx_word' id='word_1_291' title='bbox 755 2396 926 2433; x_wconf 76' lang='lat' dir='ltr'>magnam</span> <span class='ocrx_word' id='word_1_292' title='bbox 951 2384 1053 2421; x_wconf 74' lang='lat' dir='ltr'>illam</span> <span class='ocrx_word' id='word_1_293' title='bbox 1076 2386 1207 2424; x_wconf 83' lang='lat' dir='ltr'>urbem</span> <span class='ocrx_word' id='word_1_294' title='bbox 1228 2387 1456 2426; x_wconf 72' lang='lat' dir='ltr'>advenarum</span> 
     </span>
    </p>
   </div>
  </div>
 </body>
</html>
