1583 2680
460 127 623 155 Lmen
662 129 755 155 vn.
797 129 911 155 CAP.
955 130 1012 155 11.
1335 120 1406 157 145

69 234 157 273 ceps
175 221 276 260 enim
295 220 436 259 crimen
454 226 514 260 est
528 221 628 259 inter
647 221 875 260 retinentem
902 226 942 260 et
969 221 1195 273 exigentem,
1213 221 1288 261 nisi
1305 222 1408 272 qued

68 285 203 324 melior
222 289 280 322 est
298 297 409 322 causa
428 297 535 322 suum
562 297 639 322 non
657 284 857 334 tradentis,
875 286 991 336 quam
1019 284 1206 334 poscentis
1231 283 1406 323 alienum.

73 346 279 395 caetersun,
310 347 410 396 Rex,
442 359 556 398 equos
581 347 709 385 decem
737 347 863 396 habui,
890 360 911 385 e
937 347 1044 398 queis
1063 346 1305 397 Antiphanes
1323 352 1408 384 octo

77 411 157 461 jam
175 410 421 449 distribuerat
448 410 509 458 iis,
538 410 603 461 qui
631 410 836 448 amiserant
864 423 961 449 suos.
1020 409 1184 449 Omnino
1204 409 1300 447 duos
1328 410 1408 460 ipse

66 471 278 511 habebam:
306 486 400 524 quos
420 475 504 510 cum
522 472 639 511 vellet
656 473 840 511 abducere
851 472 963 511 homo
982 471 1289 522 superbissimus,
1304 474 1406 509 certe

67 534 337 586 iniquissimus,
366 535 444 572 nisi
483 535 597 585 pedes
633 535 800 573 militare
844 535 991 584 veHem,
1036 535 1201 573 retinere
1236 534 1404 586 cogebar.

66 598 92 615 ²⁹
108 597 191 636 Nec
220 597 361 635 infitias
391 610 446 645 eo,
477 597 589 636 liberi
617 597 783 636 hominis
810 597 933 636 animo
952 597 1124 636 locutum
1141 610 1224 635 esse
1243 610 1304 634 me
1324 609 1407 634 cum

66 659 323 711 ignavissimo,
353 665 391 698 et
411 661 434 678 ³⁰
448 660 518 698 hoc
549 673 666 698 unum
693 660 845 699 militiae
867 673 944 698 suae
959 664 1177 711 usurpante,
1196 664 1240 698 ut
1267 659 1407 697 alienos

66 735 181 773 equos
199 723 426 775 pugnaturis
445 723 660 761 distribuat.
717 723 807 761 Huc
825 723 925 761 enim
950 723 1137 761 malorum
1162 727 1319 762 ventum
1337 728 1406 769 est,

64 791 109 823 ut
127 786 242 824 verba
259 799 342 824 mea
359 786 490 824 eodem
518 790 684 836 tempore
715 791 752 824 ct
770 785 992 824 Alexandro
1021 798 1206 834 excusem,
1236 790 1275 823 et
1293 785 1407 823 Anti-

65 848 217 899 phani.”

145 914 166 932 “
184 912 253 959 At,
273 911 442 959 hercule,
463 916 586 949 mater
606 911 654 949 de
672 911 782 950 nobis
811 911 980 951 inimicis
1003 911 1080 949 tuis
1101 910 1265 961 scripsit.
1322 910 1407 949 Uti-

63 987 150 1011 nam
170 974 397 1024 prudentius
417 979 519 1012 esset
539 974 704 1012 sollicita
722 987 788 1024 pro
804 975 894 1022 filio,
916 979 955 1012 et
973 987 1050 1012 non
1068 974 1092 992 ’¹
1107 975 1237 1012 inanes
1256 987 1406 1026 quoque

63 1037 208 1088 species
239 1037 352 1074 anxio
387 1037 512 1074 animo
547 1037 739 1087 figuraret.
811 1036 938 1082 Quare
976 1037 1076 1074 enim
1112 1050 1188 1075 non
1221 1037 1407 1075 adscribit

62 1102 190 1138 metiis
223 1099 284 1137 sui
316 1099 502 1137 causam?
556 1099 732 1150 Denique
761 1111 838 1137 non
871 1099 1041 1137 ostendit
1073 1104 1278 1138 auctorem.
1319 1099 1405 1146 Quo

65 1163 164 1201 facto
184 1162 336 1201 dictove
366 1167 498 1200 nostro
517 1167 622 1200 mota
650 1167 730 1200 tam
748 1162 919 1213 trepidas
946 1162 1017 1201 tibi
1044 1162 1197 1200 litteras
1217 1163 1406 1214 scripsit?

65 1225 100 1266 O
121 1226 300 1264 miseram
330 1226 587 1264 conditionem
615 1238 750 1275 meam,
779 1226 841 1263 cui
871 1225 1032 1264 forsitan
1058 1238 1135 1263 non
1154 1226 1405 1277 periculosius

61 1293 122 1326 est
152 1293 288 1337 tacere,
321 1289 439 1340 quam
471 1288 624 1327 dicere!
695 1288 772 1327 Sed
803 1292 1010 1340 utcumque
1047 1301 1200 1326 cessura
1235 1301 1297 1327 res
1334 1294 1404 1336 est,

62 1351 161 1390 malo
180 1352 253 1390 tibi
273 1351 533 1390 defensionem
550 1364 673 1389 meam
686 1351 900 1402 displicere,
918 1351 1033 1402 quam
1052 1364 1217 1390 causam.
1256 1352 1405 1402 Agnos·

61 1428 124 1453 ces
153 1420 281 1453 autem
307 1427 394 1466 quae
408 1414 583 1452 dicturus
603 1427 697 1452 sum.
755 1413 906 1464 Quippe
924 1414 1146 1464 meministi,
1166 1415 1255 1452 cum
1274 1427 1334 1452 me
1354 1415 1403 1452 ad

62 1477 323 1528 perducendos
343 1489 392 1515 ex
412 1476 639 1514 Macedonia
657 1476 800 1515 milites
819 1477 1006 1525 mitteres,
1027 1476 1170 1515 dixisse
1190 1481 1240 1524 te,
1260 1477 1403 1516 multos

62 1540 272 1591 ”integros
287 1540 448 1588 juvenes
468 1539 508 1576 in
527 1538 639 1576 domo
657 1543 737 1576 tuae
763 1539 897 1576 matris
924 1538 1117 1577 abscondi.
1174 1539 1404 1590 Praecepisti

62 1603 181 1654 igitur
211 1602 319 1650 mihi,
354 1601 381 1619 ⁸³
393 1613 441 1638 ne
472 1613 585 1652 quem
617 1606 758 1651 praeter
777 1605 815 1638 te
835 1601 1017 1649 intuerer,
1046 1601 1114 1639 sed
1143 1601 1403 1641 detrectantes

60 1665 237 1704 militiam
255 1664 504 1716 perducerem
534 1663 583 1701 ad
613 1668 662 1701 te.
721 1663 835 1709 Quod
862 1663 1039 1715 equidem
1066 1664 1152 1713 feci,
1173 1669 1213 1702 et
1239 1664 1403 1703 liberius

60 1730 177 1780 quam
196 1727 426 1778 expediebat
442 1727 550 1775 mihi,
571 1732 754 1765 executus
790 1740 875 1765 sum
906 1727 1108 1778 imperium
1130 1732 1250 1766 tuum.
1309 1727 1403 1767 Gor·

58 1792 172 1843 giam,
192 1790 433 1839 Hecataeum,
468 1795 509 1828 et
542 1789 762 1841 Gorgatam‚
796 1803 959 1842 quorum
989 1790 1090 1830 bona
1122 1794 1239 1842 opera
1268 1791 1402 1840 uteris,

60 1854 150 1892 inde
183 1854 359 1905 perduxi.
418 1852 523 1899 Qm'd
555 1853 674 1905 igitur
704 1853 871 1905 iniquius
909 1858 979 1902 est,
1009 1854 1126 1906 quam
1162 1867 1234 1902 me,
1262 1855 1339 1906 qui,
1369 1855 1402 1893 si

60 1917 133 1956 tibi
149 1930 225 1955 non
243 1917 467 1968 paruissem,
496 1919 585 1967 jure
617 1917 777 1955 daturus
795 1917 854 1955 fui
871 1930 1016 1968 poenas,
1035 1930 1134 1955 nunc
1155 1918 1292 1969 perire,
1311 1919 1401 1970 quia

59 1980 203 2031 parui?
267 1980 403 2032 Neque
437 1980 538 2018 enim
570 1979 651 2018 ulla
679 1980 757 2018 alia
786 1980 902 2018 matri
934 1985 1013 2019 tuae
1039 1981 1297 2032 persequendi
1333 1995 1402 2020 nos

60 2055 174 2080 causa
192 2047 263 2091 est,
282 2044 398 2094 quam
418 2043 522 2094 quod
551 2043 763 2082 utilitatem
782 2048 890 2081 tuam
921 2043 1102 2082 muliebri
1121 2044 1400 2095 praeposuimus

59 2105 206 2156 gratiae.
263 2105 341 2144 Sex
358 2105 482 2144 millia
501 2106 754 2145 Macedonum
770 2107 954 2158 peditum,
976 2111 1015 2145 et
1034 2112 1233 2146 sexcentos
1253 2108 1401 2159 equites

59 2167 227 2205 adduxi:
254 2180 416 2219 quorum
443 2181 533 2219 pars
566 2174 745 2208 secutura
772 2183 833 2208 me
860 2183 936 2208 non
968 2175 1062 2218 erat,
1083 2170 1116 2208 si
1142 2170 1320 2208 militiam
1341 2171 1401 2208 dc-

59 2229 314 2268 trectantibus
333 2230 532 2282 indulgere
547 2231 767 2271 voluissem.
825 2233 1009 2285 Sequitur
1028 2234 1131 2284 crgo,
1151 2242 1207 2283 ut,
1226 2233 1316 2284 quia
1334 2233 1401 2270 illa

57 2298 214 2343 propter
243 2292 341 2330 hanc
370 2305 522 2331 causam
541 2294 720 2334 irascitur
748 2295 873 2344 nobis,
894 2300 939 2334 tu
969 2295 1123 2347 mitiges
1142 2300 1313 2342 matrem,
1334 2294 1400 2345 qui

57 2355 124 2394 irae
139 2356 224 2405 ejus
242 2368 311 2393 nos
330 2355 544 2394 obtulisti.”

138 2417 196 2456 ΙΙ.
229 2420 262 2455 4.
297 2417 399 2456 Dum
428 2418 509 2457 haec
529 2419 722 2470 Amyntas
750 2421 842 2472 agit,
871 2421 970 2460 forte·
1000 2424 1312 2472 supervenerunt,
1333 2418 1398 2470 qui
