1583 2680
489 181 650 207 mann
691 181 772 206 111.
815 181 925 206 car.
969 182 1012 207 x.
1370 173 1419 208 23

81 272 244 324 superne
278 273 544 323 incesseretur,
578 274 773 322 timuerat,
807 273 1004 325 praestitit.
1062 273 1242 324 Triginta
1275 279 1313 312 ct
1343 275 1418 313 duo

80 341 311 375 armatorum
341 337 494 376 ordines
522 338 650 387 ibant;
684 351 807 389 neque
835 338 938 376 enim
964 337 1085 375 latius
1114 338 1272 376 extendi
1301 338 1418 375 aciem

80 400 329 450 patiebantur
349 401 549 452 angustiae.
607 401 805 439 Paulatim
825 401 961 439 deinde
981 414 1021 439 se
1041 401 1171 438 laxare
1192 401 1297 438 sinus
1317 414 1416 439 mon-

80 463 190 511 tium,
213 469 252 501 ct
278 466 402 514 majus
430 465 596 515 spatium
625 465 772 515 aperire
800 469 1013 515 coeperant,
1044 465 1100 502 ita
1128 470 1171 502 ut
1197 478 1273 502 non
1301 466 1417 515 pedes

80 526 206 564 solum
233 526 409 577 pluribus
436 527 634 566 ordinibus
663 528 849 577 incedere,
871 528 939 566 sed
967 528 1083 566 etiam
1103 541 1125 566 a
1143 528 1329 566 lateribus
1349 529 1415 566 cir—

78 590 276 628 cumfundi
295 596 425 641 posset
444 591 650 642 equitatus.

156 653 211 691 X.
241 655 302 691 24.
335 654 427 692 Jam
454 654 494 692 in
513 659 733 705 conspectu,
754 654 822 692 sed
850 659 961 693 extra
990 655 1059 693 teli
1082 656 1228 705 jactum
1255 660 1415 706 utraque

77 716 178 754 acies
197 721 290 765 erat,
312 717 401 754 ci'lm
419 717 567 767 priores
587 718 718 756 Persae
737 718 975 756 inconditum
995 722 1034 756 et
1052 723 1200 756 trucem
1228 719 1415 756 sustulere

79 779 315 817 'clamorem
372 780 573 818 Redditur
607 785 646 818 et
673 794 696 818 a
724 781 1002 819 Macedonibus
1034 783 1165 832 major,
1195 782 1415 820 ²exercitsis

78 842 200 892 impar
227 855 398 891 numero,
420 843 488 880 scd
518 843 623 894 jugis
650 844 850 892 montium,
879 844 1073 896 vastisque
1101 845 1264 883 saltibus
1291 859 1413 896 reper-

77 918 231 955 cussus;
263 906 275 923 ²
289 906 431 956 quippe
453 919 602 956 semper
621 907 867 957 circumjecta
893 921 1051 945 nemora
1077 913 1282 959 pctraeque,
1302 922 1414 960 quan·

77 974 318 1020 tamcumque
339 974 518 1020 accepere
539 982 680 1018 vocem,
701 970 956 1020 multiplicato
986 983 1078 1009 sono
1107 972 1288 1009 referunt.
1347 973 1415 1010 Al-

75 1032 241 1069 exander
256 1036 344 1069 ante
358 1032 482 1082 prima
501 1031 611 1082 signa
625 1033 716 1081 ibat,
732 1033 944 1071 identidem
963 1047 1079 1071 manu
1098 1035 1110 1052 ⁴
1125 1047 1212 1072 suos
1228 1035 1413 1084 inhibens,

74 1107 120 1132 ne
140 1094 326 1145 suspensi,
349 1095 477 1133 aerius
497 1095 545 1133 ob
564 1095 722 1133 nimiam
740 1096 1026 1134 festinationem
1054 1098 1243 1136 concitato
1264 1099 1413 1149 spiritu,

73 1163 315 1209 capesserent
333 1159 519 1209 praelium.
579 1158 756 1211 Cumque
776 1159 919 1211 agmini
938 1160 1190 1211 obequitaret,
1211 1163 1317 1200 varia
1337 1176 1413 1200 ora-

74 1222 189 1270 tione,
221 1227 268 1260 ut
300 1224 485 1274 cujusque
513 1223 649 1260 animis
681 1228 814 1273 aptum
846 1228 940 1274 erat,
966 1224 1109 1262 milites
1137 1224 1412 1277 alloquebatur.

74 1285 303 1323 Macedones
337 1290 397 1323 tot
428 1285 618 1324 bellorum
646 1286 686 1323 in
716 1286 876 1337 Europa
893 1287 1068 1336 victores,
1088 1287 1137 1326 ad
1165 1288 1413 1340 subigendam

72 1349 208 1386 Asiam
238 1354 353 1401 atque
382 1348 521 1387 ultima
551 1349 737 1398 Orientis,
760 1351 864 1389 ‘’non
892 1351 1013 1402 ipsius
1039 1352 1174 1404 magis,
1202 1354 1319 1404 quam
1345 1367 1413 1392 suo

72 1412 191 1450 ductu
208 1413 381 1463 profecti,
398 1413 623 1452 inveteratae
637 1414 793 1452 virtutis
812 1413 1122 1453 admonebantur.
1181 1415 1277 1454 Illos
1298 1422 1414 1455 terra-

70 1488 156 1513 rum
175 1476 188 1494 ⁶
201 1475 304 1514 orbis
334 1476 570 1525 liberatores,
591 1478 603 1495 ⁷
617 1489 866 1529 emensosque
897 1477 989 1516 olim
1018 1478 1200 1517 Herculis
1220 1484 1260 1517 ct
1281 1480 1414 1518 Liberi

70 1539 192 1588 patris
211 1539 407 1588 terminos,
426 1552 503 1578 non
524 1540 658 1578 Persis
675 1541 800 1589 modo,
817 1540 886 1578 sed
905 1540 1022 1578 etiam
1041 1542 1215 1580 omnibus
1233 1544 1413 1593 gentibus

70 1591 317 1652 imposituros
340 1604 486 1653 jugum.
544 1603 556 1621 ⁸
572 1603 827 1642 Macedonum
855 1603 1000 1642 Bactra
1019 1609 1059 1642 ct
1077 1604 1197 1643 Indos
1216 1606 1318 1644 fore:
1347 1607 1411 1644 mi-

71 1665 177 1703 nima
196 1677 279 1702 esse
308 1678 394 1716 quae
423 1678 522 1703 nunc
552 1665 806 1714 intuerentur,
827 1666 896 1704 sed
929 1667 1055 1705 omnia
1080 1667 1242 1706 victoria
1274 1670 1409 1718 parari.

72 1728 161 1766 Non
189 1729 397 1779 praeruptis
427 1729 547 1779 petris
578 1729 814 1779 Illyriorum,
837 1735 876 1768 et
908 1730 1081 1768 Thraeiae
1111 1731 1212 1768 saxis
1243 1732 1411 1770 sterilem

70 1791 241 1830 laborem
267 1792 360 1842 fore,
379 1792 501 1843 spolia
528 1793 649 1830 totius
673 1792 847 1832 Orientis
867 1793 1007 1831 offerri.
1065 1793 1147 1832 Vix
1165 1794 1292 1846 gladio
1313 1795 1410 1833 futu-

69 1868 156 1893 rum
174 1867 290 1906 opus;
321 1860 441 1894 totam
469 1855 589 1893 aciem
610 1869 679 1894 suo
707 1869 849 1906 pavore
877 1857 1136 1905 fluctuantem,
1158 1858 1411 1897 ”umbonibus

70 1931 182 1969 posse
201 1918 374 1969 propelli.
432 1919 571 1957 Victor
590 1919 639 1957 ad
659 1919 741 1958 haec
762 1919 1059 1958 Atheniensium
1080 1921 1284 1972 Philippus
1302 1927 1412 1972 pater

71 1982 332 2030 invocabatur,
353 1981 583 2033 domitaeque
614 1996 736 2033 nuper
764 1983 939 2032 Boeotiae,
961 1988 1000 2022 et
1029 1984 1136 2022 urbis
1167 1985 1206 2022 in
1237 1988 1283 2022 ea
1307 1985 1407 2023 nobi-

69 2043 236 2093 lissimae,
253 2044 302 2082 ad
317 2044 440 2083 solum
460 2045 612 2094 dirutae,
629 2045 774 2096 speeies
790 2046 1139 2097 repraesentabatur
1155 2047 1290 2085 animis
1306 2061 1313 2085 :
1330 2050 1410 2098 jam

70 2106 279 2146 Granicum
297 2120 458 2156 amnem,
474 2109 556 2158 jam
575 2113 635 2147 tot
653 2109 771 2147 urbes
791 2115 859 2147 aut
885 2115 1132 2160 expugnatas,
1152 2116 1220 2148 aut
1238 2111 1278 2148 in
1297 2112 1407 2149 fidem

68 2175 256 2220 acceptas,
277 2171 475 2222 omniaque
503 2185 588 2223 quae
606 2177 696 2222 post
722 2177 876 2223 tergum
896 2178 1017 2222 erant,
1038 2178 1170 2222 strata,
1191 2179 1230 2212 et
1248 2175 1409 2225 pedibus

68 2233 238 2282 ipsorum
257 2233 440 2284 subjecta,
456 2235 702 2274 memorabat.
763 2235 864 2274 Cum
883 2236 1032 2274 adierat
1051 2236 1218 2285 Graecos,
1236 2237 1407 2275 admone-

67 2295 144 2344 bat,
164 2295 250 2334 “ab
269 2296 316 2334 iis
335 2297 513 2347 gentibus
541 2298 654 2336 illata
673 2298 835 2338 Graeciae
861 2299 975 2347 bella,
997 2299 1107 2338 Darii
1127 2301 1250 2351 pri1'1S‚
1272 2301 1408 2338 deinde

67 2358 212 2396 Xerxis
245 2358 462 2408 insolentia,
491 2373 628 2412 aquam
656 2362 778 2412 ipsam
808 2367 1024 2414 terramque
1058 2363 1334 2413 populantium,
1364 2368 1407 2399 ut

65 2434 186 2472 neque
207 2421 370 2459 fontium
395 2421 587 2472 haustum,
606 2437 676 2462 nee
696 2425 830 2463 solitos
858 2425 963 2463 cibos
982 2425 1250 2477 relinquerent.
1308 2424 1407 2462 Dein

67 2483 194 2523 Deum
225 2483 369 2535 templa
397 2485 517 2523 ruinis
537 2490 577 2525 et
594 2486 750 2538 ignibus
781 2501 863 2526 esse
895 2488 1033 2536 deleta,
1054 2488 1168 2526 urbes
1199 2500 1327 2525 corum
1347 2500 1405 2525 cx-
