1583 2680
420 126 581 152 tinnit
622 125 691 151 lv.
735 126 847 151 CAP.
891 126 958 151 xx.
1308 117 1357 153 57

23 228 229 267 uarumque
248 218 391 266 majore
410 222 519 268 parte
539 217 725 268 deposita,
750 217 897 268 Lycum
916 231 1064 255 amnem
1083 223 1197 268 ponte
1213 218 1356 267 junxit.

21 284 60 317 et
77 292 146 330 per
165 279 246 317 dies
273 280 449 331 quinque,
472 281 608 318 ¹⁵sicut
640 280 728 318 ante
761 280 1012 332 Euphratem,
1032 281 1185 330 trajecit
1217 283 1356 318 exerei-

20 347 113 380 tum.
153 342 251 381 Inde
268 344 462 395 octoginta
473 345 553 382 fere
568 344 693 382 stadia
706 357 940 396 progressus,
954 344 1003 382 ad
1017 344 1179 382 alterum
1195 358 1355 391 amnem,

20 405 230 457 (Boumelo
243 419 379 445 nomen
399 409 484 458 est‚)
501 413 626 446 castra
644 408 783 458 posuit.
841 407 864 426 ¹⁶
878 407 1104 458 Opportuna
1120 407 1356 458 explicandis

19 470 139 520 copiis
158 470 262 520 regio
282 475 375 519 crat,
396 471 615 522 equitabilis
635 476 674 509 et
691 476 802 510 vasta
819 471 1019 522 planities:
1048 484 1094 509 ne
1122 471 1260 521 stirpes
1279 471 1358 521 qui-

19 533 105 571 dem
135 538 176 571 et
204 533 336 572 brevia
365 534 533 586 virgulta.
562 535 739 585 operiunt
768 535 903 583 solum,
935 534 1104 586 liberque
1134 540 1357 584 prospectus

19 596 225 644 oculorum,
256 597 373 635 etiam
410 598 459 635 ad
496 611 540 635 ea
575 611 662 649 quae
698 598 831 648 procul
866 601 1071 646 recessere,
1108 598 1353 648 permittitur.

21 658 173 710 Itaque,
205 661 233 681 ¹⁷
248 660 281 697 si
309 664 387 712 quai
419 661 544 711 campi
577 661 807 710 eminebant,
837 662 955 712 jussit
983 661 1127 713 aequari
1157 666 1357 711 totumque

21 723 218 773 fastigium
246 724 414 762 extendi.

99 789 159 824 35.
192 786 216 804 ¹⁸
230 786 464 835 Alexandro,
499 787 566 838 qui
598 800 797 825 numerum
828 787 1019 838 copiarum
1051 788 1144 836 ejus,
1177 791 1358 837 quantum

19 849 149 898 procul
167 849 372 899 conjectari
398 854 587 900 poterant,
607 850 857 898 aestimabant·,
876 850 943 888 vix
969 850 1140 888 fecerunt
1158 849 1282 896 fidem,
1302 852 1360 885 tot

18 911 187 950 millibus
204 912 312 951 caesis
329 914 490 962 majores
508 913 635 963 copias
655 926 736 951 esse
754 918 960 963 reparatas
1019 912 1223 960 Caeterslm,
1237 911 1359 950 omnis

18 975 190 1025 periculi,
211 980 250 1012 et
267 975 433 1012 maxime
464 975 724 1014 multitudinis
753 981 998 1026 contemptor,
1019 977 1044 994 ¹⁰
1058 975 1265 1013 undecimis
1283 987 1359 1011 cas-

21 1037 90 1075 tris
125 1037 300 1087 pervenit
336 1037 384 1074 ad
422 1037 683 1087 Euphratem:
722 1051 796 1088 quo
832 1038 1011 1088 pontibus
1043 1040 1189 1087 juncto,
1217 1037 1360 1088 equites

18 1100 158 1150 primos
176 1100 243 1149 ire,
261 1100 486 1152 phalangem
517 1100 622 1151 sequi
650 1100 784 1150 jubet;
816 1101 973 1149 Mazaeo,
993 1102 1019 1119 ²⁰
1032 1101 1098 1151 qui
1117 1100 1163 1138 ad
1193 1100 1360 1138 inhiben—

19 1164 108 1201 dum
127 1163 332 1202 transitum
358 1164 440 1214 ejus
459 1176 545 1201 eum
563 1176 630 1201 sex
648 1163 822 1202 millibus
846 1163 1016 1215 equitum
1043 1168 1266 1210 occurrerat,
1284 1175 1360 1200 non

17 1239 109 1264 auso
128 1227 154 1244 ²¹
171 1226 380 1277 periculum
410 1226 471 1264 sui
499 1226 630 1264 facere.
688 1226 830 1264 Paucis
848 1226 997 1275 deinde,
1025 1239 1100 1264 non
1119 1226 1167 1264 ad
1185 1226 1360 1277 quietem,

17 1289 84 1328 sed
102 1289 151 1327 ad
168 1289 397 1340 reparandos
427 1289 584 1338 animos,
604 1289 736 1328 diebus
765 1289 867 1327 datis
885 1289 1012 1338 militi,
1032 1290 1184 1327 strenue
1212 1289 1361 1326 hostem

19 1352 166 1404 insequi
186 1352 311 1402 coepit,
330 1353 504 1390 metuens
533 1365 582 1390 ne
610 1352 793 1390 interiora.
809 1352 916 1404 regni
946 1352 1007 1390 sui
1035 1357 1192 1403 peteret,
1212 1365 1361 1402 sequeu-

18 1415 163 1467 dasque
199 1420 299 1454 esset
334 1429 401 1466 per
434 1415 517 1453 loca
552 1416 654 1454 omni
689 1415 892 1454 solitudine
928 1420 1039 1466 atque
1074 1415 1205 1466 inopia
1241 1420 1360 1454 vasta.

19 1477 146 1530 Igitur
163 1484 299 1530 quarto
317 1479 379 1517 die
398 1479 425 1497 ²²
439 1483 578 1529 praeter
596 1478 742 1517 Arbela
770 1483 944 1529 penetrat
971 1478 1020 1516 ad
1049 1478 1206 1530 Tigrim.
1264 1478 1361 1516 Tota

20 1541 122 1592 regio
140 1541 244 1579 ultra
261 1554 407 1579 amnem
426 1541 571 1579 recenti
599 1540 772 1579 fumabat
799 1541 996 1590 incendi03
1025 1541 1165 1592 quippe
1185 1542 1360 1588 Mamas,

19 1616 261 1655 quaecumque
280 1603 436 1651 adierat,
456 1602 559 1640 haud
577 1604 688 1640 secus
702 1604 819 1654 quam
835 1602 959 1640 hostis
977 1603 1122 1642 urebat.
1161 1604 1221 1641 Ac
1238 1603 1360 1653 primo

20 1666 194 1718 ealigine,
211 1680 323 1718 quam
351 1666 478 1704 fumus
507 1665 704 1714 effuderat,
725 1665 950 1704 obscurante
976 1665 1108 1713 lucem,
1137 1665 1362 1703 insidiarum

18 1735 125 1768 metu
155 1729 338 1768 substitit.
395 1728 543 1767 Deinde
562 1733 607 1767 ut
639 1729 894 1779 speculatores
922 1728 1109 1779 praemissi
1135 1733 1218 1766 tuta
1237 1728 1362 1766 omnia

20 1792 305 1841 nunciaverunt,
325 1805 464 1843 paucos
495 1791 667 1843 equitum
700 1791 749 1829 ad
781 1792 1004 1830 tentandum
1034 1791 1172 1829 vadum
1197 1791 1361 1829 fluminis

20 1855 229 1906 praemisit:
275 1857 384 1906 cujus
419 1854 581 1893 altitudo
621 1854 743 1905 primo
781 1867 925 1892 summa
969 1867 1148 1905 equorum
1194 1860 1359 1904 pectora,

21 1931 110 1956 mox
144 1923 189 1956 ut
223 1918 266 1956 in
300 1918 468 1956 medium
512 1917 660 1956 alveum
696 1922 849 1955 ventum
893 1921 962 1966 est,
1007 1917 1171 1955 cervices
1215 1931 1360 1968 quoquc

21 1981 219 2032 aequabat:
246 1994 314 2020 nec
343 1982 433 2020 sane
453 1981 593 2019 ”alius
622 1980 671 2018 ad
692 1980 864 2020 Orientis
890 1980 1040 2031 plagam
1067 1984 1146 2017 tam
1173 1980 1360 2019 violentus

22 2043 238 2093 invehitur3
267 2044 472 2082 multorum
504 2043 731 2081 torrentium
759 2056 834 2080 non
863 2055 978 2094 aquas
1005 2042 1142 2090 solum,
1162 2042 1228 2081 sed
1247 2043 1358 2081 etiam

24 2119 116 2145 saxa
145 2119 273 2145 secum
303 2107 470 2144 trahens.
528 2105 664 2156 Itaque
691 2119 714 2143 a.
745 2105 954 2154 celeritate,
971 2107 1048 2157 quit
1077 2105 1218 2154 defluit,
1245 2107 1361 2154 Tigri

22 2181 159 2207 nomen
176 2173 236 2206 est
253 2169 432 2216 inditum,
451 2168 542 2219 quia
569 2167 725 2205 Persica
753 2167 884 2219 lingua
919 2168 1078 2217 Tigrim
1104 2168 1281 2220 sagittam
1299 2182 1360 2218 ap-

22 2231 178 2283 pellant.

106 2297 166 2333 37.
195 2295 221 2312 ²⁴
238 2293 367 2346 Igitur
397 2293 524 2344 pcch,
556 2293 660 2331 velut
689 2293 835 2339 divisus
866 2293 908 2347 in
943 2306 1094 2342 cornua,
1130 2293 1361 2331 circumdato

26 2358 213 2409 equitatu,
250 2357 387 2395 levatis
423 2369 536 2407 super
569 2356 695 2407 capita
730 2357 858 2405 armis,
888 2356 990 2395 haud
1024 2357 1126 2408 aegre
1157 2357 1205 2394 ad
1238 2357 1360 2405 ipsum

26 2421 176 2460 alveum
195 2426 376 2472 penetrat.
433 2420 587 2458 Primus
605 2420 706 2458 inter
723 2420 870 2470 pedites
884 2420 971 2458 Rex
985 2433 1156 2472 egressus
1175 2420 1211 2456 in
1227 2419 1360 2468 ripam,
