1583 2680
476 145 634 170 LIBER
671 144 739 169 1v.
781 145 890 170 CAr.
931 145 1023 169 vn.
1368 135 1416 170 53

78 239 169 276 dent
205 238 350 286 littora,
391 238 472 275 ¹⁸ct
508 242 605 276 aestu
640 236 825 275 destituta
859 236 1012 288 navigia
1052 237 1154 275 notis
1198 236 1273 276 sibi
1308 236 1415 275 vadis

77 303 268 352 occupant.
345 301 488 339 Incolae
523 300 699 349 nemoris,
736 299 1000 349 (Hammonios
1036 301 1198 352 vocant,)
1237 300 1417 350 dispersis

75 364 240 416 tuguriis
269 364 467 402 habitant:
498 363 667 401 medium
697 375 829 401 nemus
860 376 929 413 pro
962 376 1046 401 arce
1082 363 1234 412 habent,
1273 363 1418 413 triplici

74 440 182 465 muro
215 418 498 465 circumdatum.
563 426 695 464 Prima
726 426 888 464 munitio
927 427 952 445 ¹⁹
966 431 1215 478 tyrannorum
1250 431 1416 464 veterem

74 490 216 541 regiam
235 490 372 527 clausit
388 503 396 528 :
425 490 466 527 in
485 489 658 540 proxima
672 491 851 541 conjuges
869 502 1008 538 eorum,
1028 502 1114 527 cum
1132 489 1263 528 liberis
1284 494 1322 527 et
1340 490 1415 539 pel-

73 552 222 602 licibus,
256 553 441 592 habitant.
499 553 578 591 Hic
609 565 757 604 quoque
789 553 864 591 Dei
882 554 909 571 ²⁰
923 553 1115 591 oraculum
1143 557 1210 591 est.
1267 553 1416 591 Ultima

73 616 315 665 munimenta,
354 616 564 653 satellitum
609 616 956 667 armigerorumque
1000 616 1108 654 sedes
1155 621 1272 654 erant.
1343 616 1416 654 Est

72 679 188 716 ctiam
207 679 313 717 aliud
331 679 558 717 Hammonis
573 691 727 729 nemus3
750 679 789 716 in
808 679 932 717 medio
946 679 1061 717 habet
1078 679 1219 717 fontem
1236 692 1243 717 :
1265 692 1414 728 aquam

72 742 162 779 solis
181 747 326 780 vocant.
384 742 462 781 Sub
492 742 588 780 lucis
607 746 732 780 ortum
761 742 890 793 tepida
909 747 1061 781 manat:
1090 742 1216 780 medio
1236 741 1308 790 die,
1327 743 1415 779 cum

71 805 425 843 vehementissimus
444 810 504 843 est
523 805 636 853 calor,
656 805 799 856 frigida
829 805 959 843 cadem
990 805 1098 844 fluit:
1129 806 1154 823 ²¹
1171 805 1348 843 inclinato
1377 805 1416 842 in

72 881 276 918 vesperam,
310 868 488 906 calescit:
529 868 655 906 medi-21.
687 873 810 917 nocte,
842 868 990 906 fervida
1021 873 1226 918 exaestuat3
1267 882 1414 920 quoque

71 930 229 980 propius
248 943 323 968 nox
342 931 465 981 vergit
495 931 544 968 ad
577 931 712 979 lucem,
732 931 897 968 multum
927 944 974 969 cx
1002 936 1186 969 nocturno
1215 931 1334 969 calore
1354 932 1413 969 de-

71 993 216 1040 crescit,
238 993 263 1010 ²²
278 993 394 1030 donec
424 993 493 1031 sub
512 993 637 1043 ipsum
657 994 734 1030 diei
765 999 889 1031 ortum
917 999 1068 1032 assueto
1097 999 1226 1044 tepore
1246 994 1415 1045 langues-

75 1060 145 1093 cat.
222 1055 283 1103 Id,
303 1055 404 1106 quod
433 1068 502 1105 pro
531 1055 614 1092 Deo
633 1055 784 1104 colitur,
803 1069 878 1093 non
907 1056 1078 1094 eamdem
1098 1057 1260 1108 effigiem
1288 1057 1415 1105 habet,

70 1131 182 1169 quam
228 1118 340 1170 vulgo
377 1118 452 1156 diis
500 1118 661 1156 artifices
707 1118 1090 1157 accommodaverunt.
1165 1121 1193 1137 ²³
1210 1120 1401 1158 Umbilico

71 1181 234 1219 maxime
255 1181 391 1220 similis
409 1185 468 1219 est
486 1181 652 1230 habitus,
672 1181 868 1232 smaragdo
884 1186 923 1219 et
941 1181 1100 1233 gemmis
1119 1187 1412 1233 coagmentatus.

73 1244 199 1294 Hune,
229 1246 319 1282 eum
349 1257 572 1296 responsum
604 1244 762 1295 petitur,
783 1244 936 1296 navigio
956 1249 1088 1283 aurato
1119 1250 1271 1296 gestant
1298 1258 1413 1283 sacer-

71 1308 201 1346 dotes:
230 1307 364 1346 multis
382 1308 572 1359 argenteis
589 1307 731 1358 pateris
761 1307 809 1346 ab
841 1312 1002 1359 utroque
1029 1308 1172 1359 navigii
1191 1308 1309 1346 latere
1328 1322 1413 1359 pen-

71 1371 260 1410 dentibus.
335 1372 554 1423 Sequuntur
598 1376 794 1419 matronae,
841 1370 1094 1422 virginesque,
1141 1371 1266 1422 patrio
1311 1385 1414 1409 more

70 1435 95 1452 ²¹
111 1435 342 1473 inconditum
359 1434 547 1486 quoddam
565 1447 715 1472 carmen
733 1438 910 1472 canentes
925 1447 932 1472 :
961 1447 1036 1485 quo
1055 1434 1258 1485 propitiari
1277 1435 1306 1472 J
1308 1448 1414 1473 ovem

71 1498 239 1547 credunt,
258 1502 304 1536 ut
321 1503 468 1536 certum
486 1497 575 1535 edat
593 1497 797 1536 oraculum.

151 1561 212 1598 30.
242 1563 300 1598 At
333 1565 415 1598 tum
444 1559 600 1611 quidem
631 1559 788 1610 Regem,
807 1559 1207 1613 propitlsadeuntcm,
1227 1560 1414 1598 maximus

71 1628 164 1661 natu
195 1636 215 1661 e
248 1622 506 1661 sacerdotibus
533 1621 656 1660 filium
683 1622 858 1672 appellat,
878 1616 948 1660 hoc
975 1635 1112 1660 nomen
1130 1622 1190 1660 illi
1216 1628 1414 1672 parentem

73 1687 210 1725 Jovcm
241 1686 399 1724 reddere
431 1685 628 1723 affirmans.
685 1685 761 1723 Ille
797 1686 885 1724 vero
919 1689 957 1722 et
989 1684 1159 1734 accipere
1190 1698 1242 1733 sc,
1276 1685 1342 1733 ait,
1377 1690 1416 1723 ct

73 1762 286 1802 agnoscere,
305 1749 480 1787 humanae
498 1748 612 1786 sortis
632 1747 784 1786 oblitus.
844 1746 1043 1786 Consuluit
1062 1747 1211 1796 deinde,
1230 1761 1277 1785 an
1296 1748 1415 1786 totius

72 1813 176 1852 orbis
204 1812 407 1863 imperium
435 1811 528 1850 fatis
557 1811 632 1849 sibi
663 1810 872 1848 destinaret
900 1815 1016 1860 pater.
1074 1810 1208 1858 Vates,
1237 1811 1343 1862 aeque
1376 1811 1414 1848 in

73 1875 328 1914 adulationem
346 1874 588 1925 compositus,
605 1879 792 1912 terrarum
807 1873 974 1911 omnium
992 1877 1176 1911 rectorem
1193 1873 1275 1911 fore
1295 1878 1414 1912 osten-

73 1939 140 1977 dit.
198 1939 294 1977 Post
310 1937 392 1976 haec
409 1938 435 1955 ²⁵
448 1937 592 1975 institit
620 1949 801 1987 quaerere,
821 1949 870 1973 an
902 1949 1030 1974 omnes
1049 1936 1074 1953 ²⁶
1087 1937 1255 1986 parentis
1282 1937 1341 1974 sui
1361 1937 1414 1974 in-

76 2002 307 2050 terfectores,
326 2011 456 2051 poenas
470 1999 672 2037 dedissent.
730 1997 925 2046 Sacerdos,
945 2002 1141 2048 parentem
1161 1999 1243 2048 ejus
1261 2000 1289 2017 ²⁷
1303 2005 1416 2051 negat

75 2064 190 2102 ullius
207 2063 346 2101 scelere
364 2075 475 2114 posse
493 2061 631 2100 violari
647 2074 655 2099 :
676 2061 846 2111 Philippi
861 2066 988 2098 autem
1008 2073 1135 2099 omnes
1153 2061 1414 2100 interfectores

75 2126 190 2164 luisse
222 2125 429 2176 supplicia;
473 2124 625 2174 adjecit,
658 2123 840 2162 invictum
871 2124 964 2172 fore,
996 2123 1113 2162 donec
1141 2125 1339 2162 excederet
1368 2125 1415 2162 ad

76 2188 186 2227 Deos.
243 2188 435 2227 Sacrificio
466 2187 606 2225 deinde
637 2187 751 2235 facto,
785 2187 884 2225 dona
913 2192 953 2225 et
981 2187 1241 2226 sacerdotibus
1269 2192 1309 2225 et
1335 2187 1415 2225 Deo

77 2251 166 2289 data
197 2255 307 2288 sunt:
335 2250 630 2301 permissumque
659 2249 803 2299 amicis,
822 2255 866 2287 ut
895 2250 969 2301 ipsi
998 2262 1145 2302 quoque
1177 2250 1416 2289 consulerent

77 2315 226 2353 Jovcm.
284 2313 395 2351 Nihil
424 2313 592 2363 amplius
618 2313 886 2364 quaesiverunt,
914 2315 1027 2365 quam
1047 2314 1074 2332 ²⁸
1090 2327 1138 2351 an
1157 2318 1288 2351 auctor
1316 2316 1416 2350 esset

78 2377 150 2415 sibi
189 2376 330 2414 divinis
365 2375 571 2414 honoribus
607 2375 754 2414 colendi
791 2390 897 2414 suum
934 2377 1090 2428 Regem.
1148 2376 1234 2414 Hoc
1269 2387 1415 2425 quoque

79 2445 272 2490 acceptum
291 2439 370 2477 fore
390 2439 481 2476 Jovi
502 2444 606 2477 vates
625 2440 828 2490 respondit.
867 2440 892 2457 ²²
908 2440 1011 2477 Veri·
1034 2445 1072 2476 ct
1094 2438 1297 2476 salubriter
1315 2437 1414 2475 aesti-
