<?xml version="1.0" encoding="UTF-8"?>
<!DOCTYPE html PUBLIC "-//W3C//DTD XHTML 1.0 Transitional//EN"
    "http://www.w3.org/TR/xhtml1/DTD/xhtml1-transitional.dtd">
<html xmlns="http://www.w3.org/1999/xhtml" xml:lang="en" lang="en">
 <head>
  <title>
</title>
<meta http-equiv="Content-Type" content="text/html;charset=utf-8" />
  <meta name='ocr-system' content='tesseract 3.04.00' />
  <meta name='ocr-capabilities' content='ocr_page ocr_carea ocr_par ocr_line ocrx_word'/>
</head>
<body>
  <div class='ocr_page' id='page_1' title='image "./lifeexploitsofal00curtuoft/lifeexploitsofal00curtuoft_0136.png"; bbox 0 0 1583 2680; ppageno 0'>
   <div class='ocr_carea' id='block_1_1' title="bbox 137 117 997 158">
    <p class='ocr_par' dir='ltr' id='par_1_1' title="bbox 137 117 997 158">
     <span class='ocr_line' id='line_1_1' title="bbox 137 117 997 158; baseline -0.005 -5"><span class='ocrx_word' id='word_1_1' title='bbox 137 117 208 153; x_wconf 71' lang='lat'>126</span> <span class='ocrx_word' id='word_1_2' title='bbox 593 125 774 158; x_wconf 81' lang='lat' dir='ltr'>QUINTI</span> <span class='ocrx_word' id='word_1_3' title='bbox 813 124 997 151; x_wconf 52' lang='lat' dir='ltr'>cnr-’ru</span> 
     </span>
    </p>
   </div>
   <div class='ocr_carea' id='block_1_2' title="bbox 123 212 1494 2471">
    <p class='ocr_par' dir='ltr' id='par_1_2' title="bbox 123 212 1494 2471">
     <span class='ocr_line' id='line_1_2' title="bbox 127 212 1468 269; baseline -0.004 -12"><span class='ocrx_word' id='word_1_4' title='bbox 127 219 344 269; x_wconf 86' lang='lat' dir='ltr'>conjuratos</span> <span class='ocrx_word' id='word_1_5' title='bbox 363 217 662 269; x_wconf 85' lang='lat' dir='ltr'>pulcherrimum</span> <span class='ocrx_word' id='word_1_6' title='bbox 681 218 829 255; x_wconf 85' lang='lat' dir='ltr'>facinus</span> <span class='ocrx_word' id='word_1_7' title='bbox 848 215 1126 255; x_wconf 82' lang='lat' dir='ltr'>inchoaturos.‘’</span> <span class='ocrx_word' id='word_1_8' title='bbox 1173 214 1310 253; x_wconf 68' lang='lat' dir='ltr'>⁷A1i51s</span> <span class='ocrx_word' id='word_1_9' title='bbox 1329 212 1468 252; x_wconf 73' lang='lat' dir='ltr'>deinde</span> 
     </span>
     <span class='ocr_line' id='line_1_3' title="bbox 125 276 1470 329; baseline -0.005 -9"><span class='ocrx_word' id='word_1_10' title='bbox 125 282 394 320; x_wconf 87' lang='lat' dir='ltr'>effoeminatum</span> <span class='ocrx_word' id='word_1_11' title='bbox 414 286 452 319; x_wconf 90' lang='lat' dir='ltr'>et</span> <span class='ocrx_word' id='word_1_12' title='bbox 470 281 712 320; x_wconf 82' lang='lat' dir='ltr'><strong>muliebriter</strong></span> <span class='ocrx_word' id='word_1_13' title='bbox 726 280 915 329; x_wconf 87' lang='lat' dir='ltr'>timidum,</span> <span class='ocrx_word' id='word_1_14' title='bbox 932 280 1030 317; x_wconf 71' lang='lat' dir='ltr'>anas</span> <span class='ocrx_word' id='word_1_15' title='bbox 1042 278 1278 329; x_wconf 77' lang='lat' dir='ltr'><strong>proditorem</strong></span> <span class='ocrx_word' id='word_1_16' title='bbox 1293 276 1470 315; x_wconf 87' lang='lat' dir='ltr'>amatoris</span> 
     </span>
     <span class='ocr_line' id='line_1_4' title="bbox 125 342 1471 396; baseline -0.004 -14"><span class='ocrx_word' id='word_1_17' title='bbox 125 345 332 396; x_wconf 85' lang='lat' dir='ltr'>appellans,</span> <span class='ocrx_word' id='word_1_18' title='bbox 365 357 464 382; x_wconf 86' lang='lat' dir='ltr'>nune</span> <span class='ocrx_word' id='word_1_19' title='bbox 508 345 679 396; x_wconf 82' lang='lat' dir='ltr'>ingentia</span> <span class='ocrx_word' id='word_1_20' title='bbox 715 343 955 394; x_wconf 86' lang='lat' dir='ltr'>promittens,</span> <span class='ocrx_word' id='word_1_21' title='bbox 1001 342 1268 392; x_wconf 70' lang='lat' dir='ltr'>interdumque</span> <span class='ocrx_word' id='word_1_22' title='bbox 1311 353 1471 391; x_wconf 89' lang='lat' dir='ltr'>regnum</span> 
     </span>
     <span class='ocr_line' id='line_1_5' title="bbox 127 402 1471 458; baseline -0.005 -12"><span class='ocrx_word' id='word_1_23' title='bbox 127 409 139 425; x_wconf 80' lang='lat'>⁸</span> <span class='ocrx_word' id='word_1_24' title='bbox 154 421 309 458; x_wconf 89' lang='lat' dir='ltr'>quoque,</span> <span class='ocrx_word' id='word_1_25' title='bbox 333 409 346 430; x_wconf 85' lang='lat'>⁹</span> <span class='ocrx_word' id='word_1_26' title='bbox 362 408 540 446; x_wconf 86' lang='lat' dir='ltr'>versabat</span> <span class='ocrx_word' id='word_1_27' title='bbox 559 407 728 445; x_wconf 88' lang='lat' dir='ltr'>animum</span> <span class='ocrx_word' id='word_1_28' title='bbox 748 408 773 425; x_wconf 84' lang='lat'>¹⁰</span> <span class='ocrx_word' id='word_1_29' title='bbox 788 411 895 444; x_wconf 88' lang='lat' dir='ltr'>tanto</span> <span class='ocrx_word' id='word_1_30' title='bbox 921 405 1089 444; x_wconf 88' lang='lat' dir='ltr'>facinore</span> <span class='ocrx_word' id='word_1_31' title='bbox 1115 404 1247 455; x_wconf 84' lang='lat' dir='ltr'>procul</span> <span class='ocrx_word' id='word_1_32' title='bbox 1273 402 1471 442; x_wconf 89' lang='lat' dir='ltr'>abhorren-</span> 
     </span>
     <span class='ocr_line' id='line_1_6' title="bbox 125 466 1473 521; baseline -0.004 -13"><span class='ocrx_word' id='word_1_33' title='bbox 125 476 204 508; x_wconf 85' lang='lat' dir='ltr'>tem</span> <span class='ocrx_word' id='word_1_34' title='bbox 220 484 228 509; x_wconf 90' lang='lat'>:</span> <span class='ocrx_word' id='word_1_35' title='bbox 258 471 436 509; x_wconf 86' lang='lat' dir='ltr'>strictum</span> <span class='ocrx_word' id='word_1_36' title='bbox 456 471 593 508; x_wconf 77' lang='lat' dir='ltr'>deinde</span> <span class='ocrx_word' id='word_1_37' title='bbox 612 470 785 521; x_wconf 82' lang='lat' dir='ltr'>gladium</span> <span class='ocrx_word' id='word_1_38' title='bbox 803 469 915 507; x_wconf 79' lang='lat' dir='ltr'>modo</span> <span class='ocrx_word' id='word_1_39' title='bbox 928 469 1044 518; x_wconf 89' lang='lat' dir='ltr'>illius,</span> <span class='ocrx_word' id='word_1_40' title='bbox 1063 468 1174 506; x_wconf 78' lang='lat' dir='ltr'>modo</span> <span class='ocrx_word' id='word_1_41' title='bbox 1189 480 1256 505; x_wconf 92' lang='lat' dir='ltr'>suo</span> <span class='ocrx_word' id='word_1_42' title='bbox 1271 466 1473 513; x_wconf 82' lang='lat' dir='ltr'>admovens</span> 
     </span>
     <span class='ocr_line' id='line_1_7' title="bbox 123 529 1474 585; baseline -0.006 -13"><span class='ocrx_word' id='word_1_43' title='bbox 123 534 269 585; x_wconf 84' lang='lat' dir='ltr'>jugulo,</span> <span class='ocrx_word' id='word_1_44' title='bbox 300 533 461 584; x_wconf 80' lang='lat' dir='ltr'>supplex</span> <span class='ocrx_word' id='word_1_45' title='bbox 491 533 594 571; x_wconf 90' lang='lat' dir='ltr'>idem</span> <span class='ocrx_word' id='word_1_46' title='bbox 623 537 662 571; x_wconf 91' lang='lat' dir='ltr'>et</span> <span class='ocrx_word' id='word_1_47' title='bbox 687 533 849 571; x_wconf 88' lang='lat' dir='ltr'>infestus</span> <span class='ocrx_word' id='word_1_48' title='bbox 888 533 913 550; x_wconf 82' lang='lat'>¹¹</span> <span class='ocrx_word' id='word_1_49' title='bbox 929 531 1126 582; x_wconf 83' lang='lat' dir='ltr'><strong>expressit,</strong></span> <span class='ocrx_word' id='word_1_50' title='bbox 1145 534 1191 568; x_wconf 87' lang='lat' dir='ltr'>ut</span> <span class='ocrx_word' id='word_1_51' title='bbox 1219 529 1371 567; x_wconf 86' lang='lat' dir='ltr'>tandem</span> <span class='ocrx_word' id='word_1_52' title='bbox 1399 539 1474 565; x_wconf 88' lang='lat' dir='ltr'>non</span> 
     </span>
     <span class='ocr_line' id='line_1_8' title="bbox 127 594 1475 646; baseline -0.006 -11"><span class='ocrx_word' id='word_1_53' title='bbox 127 597 252 635; x_wconf 76' lang='lat' dir='ltr'>solum</span> <span class='ocrx_word' id='word_1_54' title='bbox 283 596 490 645; x_wconf 83' lang='lat' dir='ltr'>silentium,</span> <span class='ocrx_word' id='word_1_55' title='bbox 538 596 604 634; x_wconf 89' lang='lat' dir='ltr'>sed</span> <span class='ocrx_word' id='word_1_56' title='bbox 646 596 763 634; x_wconf 88' lang='lat' dir='ltr'>etiam</span> <span class='ocrx_word' id='word_1_57' title='bbox 809 608 960 646; x_wconf 89' lang='lat' dir='ltr'>operam</span> <span class='ocrx_word' id='word_1_58' title='bbox 1005 594 1267 645; x_wconf 88' lang='lat' dir='ltr'>polliceretur;</span> <span class='ocrx_word' id='word_1_59' title='bbox 1313 603 1475 641; x_wconf 84' lang='lat' dir='ltr'>namque</span> 
     </span>
     <span class='ocr_line' id='line_1_9' title="bbox 127 654 1476 710; baseline -0.004 -14"><span class='ocrx_word' id='word_1_60' title='bbox 127 659 275 698; x_wconf 78' lang='lat' dir='ltr'>abunde</span> <span class='ocrx_word' id='word_1_61' title='bbox 296 659 505 697; x_wconf 89' lang='lat' dir='ltr'>constantis</span> <span class='ocrx_word' id='word_1_62' title='bbox 524 659 653 707; x_wconf 84' lang='lat' dir='ltr'>animi,</span> <span class='ocrx_word' id='word_1_63' title='bbox 673 663 711 697; x_wconf 89' lang='lat' dir='ltr'>et</span> <span class='ocrx_word' id='word_1_64' title='bbox 731 659 869 710; x_wconf 80' lang='lat' dir='ltr'>dignus</span> <span class='ocrx_word' id='word_1_65' title='bbox 888 658 954 709; x_wconf 90' lang='lat' dir='ltr'>qui</span> <span class='ocrx_word' id='word_1_66' title='bbox 979 657 1140 708; x_wconf 88' lang='lat' dir='ltr'>pudicus</span> <span class='ocrx_word' id='word_1_67' title='bbox 1168 660 1282 704; x_wconf 89' lang='lat' dir='ltr'>esset,</span> <span class='ocrx_word' id='word_1_68' title='bbox 1300 654 1400 692; x_wconf 84' lang='lat' dir='ltr'>nihil</span> <span class='ocrx_word' id='word_1_69' title='bbox 1428 666 1476 691; x_wconf 84' lang='lat' dir='ltr'>ex</span> 
     </span>
     <span class='ocr_line' id='line_1_10' title="bbox 126 718 1476 773; baseline -0.005 -13"><span class='ocrx_word' id='word_1_70' title='bbox 126 723 291 773; x_wconf 68' lang='lat' dir='ltr'>pristina</span> <span class='ocrx_word' id='word_1_71' title='bbox 318 722 516 761; x_wconf 83' lang='lat' dir='ltr'>voluntate</span> <span class='ocrx_word' id='word_1_72' title='bbox 546 726 786 760; x_wconf 81' lang='lat' dir='ltr'>mutaverat:</span> <span class='ocrx_word' id='word_1_73' title='bbox 816 722 882 759; x_wconf 91' lang='lat' dir='ltr'>scd</span> <span class='ocrx_word' id='word_1_74' title='bbox 914 733 953 758; x_wconf 90' lang='lat' dir='ltr'>se</span> <span class='ocrx_word' id='word_1_75' title='bbox 984 724 1138 769; x_wconf 88' lang='lat' dir='ltr'>captum</span> <span class='ocrx_word' id='word_1_76' title='bbox 1169 718 1310 769; x_wconf 78' lang='lat' dir='ltr'>Dymni</span> <span class='ocrx_word' id='word_1_77' title='bbox 1337 729 1476 763; x_wconf 88' lang='lat' dir='ltr'>amore,</span> 
     </span>
     <span class='ocr_line' id='line_1_11' title="bbox 129 778 1477 833; baseline -0.004 -11"><span class='ocrx_word' id='word_1_78' title='bbox 129 784 334 823; x_wconf 76' lang='lat' dir='ltr'>simulabat</span> <span class='ocrx_word' id='word_1_79' title='bbox 347 784 447 821; x_wconf 85' lang='lat' dir='ltr'>nihil</span> <span class='ocrx_word' id='word_1_80' title='bbox 466 797 650 822; x_wconf 87' lang='lat' dir='ltr'>recusare.</span> <span class='ocrx_word' id='word_1_81' title='bbox 727 783 927 822; x_wconf 81' lang='lat' dir='ltr'>Sciscitari</span> <span class='ocrx_word' id='word_1_82' title='bbox 946 782 1083 820; x_wconf 79' lang='lat' dir='ltr'>deinde</span> <span class='ocrx_word' id='word_1_83' title='bbox 1102 782 1239 833; x_wconf 81' lang='lat' dir='ltr'>pergit,</span> <span class='ocrx_word' id='word_1_84' title='bbox 1260 783 1281 802; x_wconf 90' lang='lat'><strong>“</strong></span> <span class='ocrx_word' id='word_1_85' title='bbox 1296 793 1380 818; x_wconf 89' lang='lat' dir='ltr'>cum</span> <span class='ocrx_word' id='word_1_86' title='bbox 1397 778 1477 830; x_wconf 84' lang='lat' dir='ltr'>qui-</span> 
     </span>
     <span class='ocr_line' id='line_1_12' title="bbox 127 841 1479 894; baseline -0.004 -9"><span class='ocrx_word' id='word_1_87' title='bbox 127 847 198 885; x_wconf 90' lang='lat' dir='ltr'>bus</span> <span class='ocrx_word' id='word_1_88' title='bbox 218 851 336 885; x_wconf 82' lang='lat' dir='ltr'>tantae</span> <span class='ocrx_word' id='word_1_89' title='bbox 360 846 416 883; x_wconf 91' lang='lat' dir='ltr'>rei</span> <span class='ocrx_word' id='word_1_90' title='bbox 444 846 664 884; x_wconf 84' lang='lat' dir='ltr'>societatem</span> <span class='ocrx_word' id='word_1_91' title='bbox 692 845 836 884; x_wconf 80' lang='lat' dir='ltr'>inisset.</span> <span class='ocrx_word' id='word_1_92' title='bbox 920 845 1142 884; x_wconf 71' lang='lat' dir='ltr'>Plurimi&#39;im</span> <span class='ocrx_word' id='word_1_93' title='bbox 1167 844 1320 893; x_wconf 90' lang='lat' dir='ltr'>referre,</span> <span class='ocrx_word' id='word_1_94' title='bbox 1347 841 1479 894; x_wconf 86' lang='lat' dir='ltr'>quales</span> 
     </span>
     <span class='ocr_line' id='line_1_13' title="bbox 129 905 1480 959; baseline -0.004 -12"><span class='ocrx_word' id='word_1_95' title='bbox 129 910 202 948; x_wconf 87' lang='lat' dir='ltr'>viri</span> <span class='ocrx_word' id='word_1_96' title='bbox 222 914 302 947; x_wconf 79' lang='lat' dir='ltr'>tam</span> <span class='ocrx_word' id='word_1_97' title='bbox 319 909 556 947; x_wconf 82' lang='lat' dir='ltr'>memorabili</span> <span class='ocrx_word' id='word_1_98' title='bbox 583 908 687 959; x_wconf 91' lang='lat' dir='ltr'>operi</span> <span class='ocrx_word' id='word_1_99' title='bbox 717 908 906 946; x_wconf 80' lang='lat' dir='ltr'>admoturi</span> <span class='ocrx_word' id='word_1_100' title='bbox 933 920 1065 945; x_wconf 85' lang='lat' dir='ltr'>manus</span> <span class='ocrx_word' id='word_1_101' title='bbox 1093 907 1254 945; x_wconf 88' lang='lat' dir='ltr'>essent.⁷’</span> <span class='ocrx_word' id='word_1_102' title='bbox 1334 905 1412 944; x_wconf 89' lang='lat' dir='ltr'>Ille</span> <span class='ocrx_word' id='word_1_103' title='bbox 1440 909 1480 942; x_wconf 84' lang='lat' dir='ltr'>ct</span> 
     </span>
     <span class='ocr_line' id='line_1_14' title="bbox 130 967 1479 1022; baseline -0.004 -12"><span class='ocrx_word' id='word_1_104' title='bbox 130 985 254 1010; x_wconf 82' lang='lat' dir='ltr'>amore</span> <span class='ocrx_word' id='word_1_105' title='bbox 275 977 312 1009; x_wconf 83' lang='lat' dir='ltr'>et</span> <span class='ocrx_word' id='word_1_106' title='bbox 331 972 473 1010; x_wconf 90' lang='lat' dir='ltr'>scelere</span> <span class='ocrx_word' id='word_1_107' title='bbox 491 971 592 1009; x_wconf 73' lang='lat' dir='ltr'>male</span> <span class='ocrx_word' id='word_1_108' title='bbox 614 984 742 1020; x_wconf 89' lang='lat' dir='ltr'>sanus,</span> <span class='ocrx_word' id='word_1_109' title='bbox 763 971 877 1009; x_wconf 88' lang='lat' dir='ltr'>simul</span> <span class='ocrx_word' id='word_1_110' title='bbox 896 971 1042 1022; x_wconf 79' lang='lat' dir='ltr'>gratias</span> <span class='ocrx_word' id='word_1_111' title='bbox 1061 970 1154 1021; x_wconf 88' lang='lat' dir='ltr'>agit,</span> <span class='ocrx_word' id='word_1_112' title='bbox 1175 969 1288 1008; x_wconf 91' lang='lat' dir='ltr'>simul</span> <span class='ocrx_word' id='word_1_113' title='bbox 1314 967 1479 1020; x_wconf 84' lang='lat' dir='ltr'>gratula-</span> 
     </span>
     <span class='ocr_line' id='line_1_15' title="bbox 131 1032 1479 1086; baseline -0.004 -13"><span class='ocrx_word' id='word_1_114' title='bbox 131 1043 206 1083; x_wconf 86' lang='lat' dir='ltr'>tur,</span> <span class='ocrx_word' id='word_1_115' title='bbox 226 1035 329 1086; x_wconf 70' lang='lat' dir='ltr'>qudd</span> <span class='ocrx_word' id='word_1_116' title='bbox 349 1035 372 1052; x_wconf 67' lang='lat'>¹2</span> <span class='ocrx_word' id='word_1_117' title='bbox 390 1034 622 1072; x_wconf 87' lang='lat' dir='ltr'>fortissimus</span> <span class='ocrx_word' id='word_1_118' title='bbox 648 1035 833 1084; x_wconf 84' lang='lat' dir='ltr'>juvenum</span> <span class='ocrx_word' id='word_1_119' title='bbox 863 1047 939 1071; x_wconf 92' lang='lat' dir='ltr'>non</span> <span class='ocrx_word' id='word_1_120' title='bbox 970 1033 1185 1072; x_wconf 75' lang='lat' dir='ltr'>dubitasset</span> <span class='ocrx_word' id='word_1_121' title='bbox 1214 1045 1254 1070; x_wconf 87' lang='lat' dir='ltr'>se</span> <span class='ocrx_word' id='word_1_122' title='bbox 1274 1032 1479 1082; x_wconf 84' lang='lat' dir='ltr'>adjungere</span> 
     </span>
     <span class='ocr_line' id='line_1_16' title="bbox 131 1093 1480 1147; baseline -0.004 -12"><span class='ocrx_word' id='word_1_123' title='bbox 131 1098 327 1136; x_wconf 84' lang='lat' dir='ltr'>Demetrio</span> <span class='ocrx_word' id='word_1_124' title='bbox 348 1097 514 1147; x_wconf 89' lang='lat' dir='ltr'>corporis</span> <span class='ocrx_word' id='word_1_125' title='bbox 545 1097 707 1145; x_wconf 89' lang='lat' dir='ltr'>custodi,</span> <span class='ocrx_word' id='word_1_126' title='bbox 740 1096 942 1144; x_wconf 80' lang='lat' dir='ltr'>Peucolao,</span> <span class='ocrx_word' id='word_1_127' title='bbox 964 1095 1158 1134; x_wconf 82' lang='lat' dir='ltr'>Nicanori.</span> <span class='ocrx_word' id='word_1_128' title='bbox 1241 1094 1392 1144; x_wconf 85' lang='lat' dir='ltr'>Adjicit</span> <span class='ocrx_word' id='word_1_129' title='bbox 1419 1093 1480 1130; x_wconf 86' lang='lat' dir='ltr'>his</span> 
     </span>
     <span class='ocr_line' id='line_1_17' title="bbox 131 1158 1407 1212; baseline -0.004 -13"><span class='ocrx_word' id='word_1_130' title='bbox 131 1161 402 1212; x_wconf 85' lang='lat' dir='ltr'>Aphoebetum,</span> <span class='ocrx_word' id='word_1_131' title='bbox 422 1160 599 1208; x_wconf 76' lang='lat' dir='ltr'>Looeum,</span> <span class='ocrx_word' id='word_1_132' title='bbox 620 1159 848 1207; x_wconf 78' lang='lat' dir='ltr'>Dioxenum,</span> <span class='ocrx_word' id='word_1_133' title='bbox 868 1158 1113 1209; x_wconf 88' lang='lat' dir='ltr'>Archepolim</span> <span class='ocrx_word' id='word_1_134' title='bbox 1132 1162 1170 1195; x_wconf 91' lang='lat' dir='ltr'>et</span> <span class='ocrx_word' id='word_1_135' title='bbox 1189 1158 1407 1208; x_wconf 80' lang='lat' dir='ltr'>Amyntam.</span> 
     </span>
     <span class='ocr_line' id='line_1_18' title="bbox 212 1220 1480 1269; baseline -0.003 -8"><span class='ocrx_word' id='word_1_136' title='bbox 212 1225 273 1262; x_wconf 77' lang='lat'>20.</span> <span class='ocrx_word' id='word_1_137' title='bbox 304 1223 368 1261; x_wconf 83' lang='lat' dir='ltr'>Ab</span> <span class='ocrx_word' id='word_1_138' title='bbox 399 1223 470 1260; x_wconf 89' lang='lat' dir='ltr'>hoc</span> <span class='ocrx_word' id='word_1_139' title='bbox 507 1235 678 1261; x_wconf 82' lang='lat' dir='ltr'>sermone</span> <span class='ocrx_word' id='word_1_140' title='bbox 716 1222 896 1260; x_wconf 87' lang='lat' dir='ltr'>dimissus</span> <span class='ocrx_word' id='word_1_141' title='bbox 935 1221 1200 1269; x_wconf 88' lang='lat' dir='ltr'>Nicomachus,</span> <span class='ocrx_word' id='word_1_142' title='bbox 1237 1220 1286 1258; x_wconf 90' lang='lat' dir='ltr'>ad</span> <span class='ocrx_word' id='word_1_143' title='bbox 1322 1220 1480 1258; x_wconf 85' lang='lat' dir='ltr'>fratrem</span> 
     </span>
     <span class='ocr_line' id='line_1_19' title="bbox 135 1283 1481 1337; baseline -0.004 -11"><span class='ocrx_word' id='word_1_144' title='bbox 135 1286 335 1336; x_wconf 81' lang='lat' dir='ltr'>(Cebalino</span> <span class='ocrx_word' id='word_1_145' title='bbox 355 1290 437 1324; x_wconf 86' lang='lat' dir='ltr'>erat</span> <span class='ocrx_word' id='word_1_146' title='bbox 462 1287 613 1336; x_wconf 88' lang='lat' dir='ltr'>nomen)</span> <span class='ocrx_word' id='word_1_147' title='bbox 639 1299 722 1337; x_wconf 80' lang='lat' dir='ltr'>quae</span> <span class='ocrx_word' id='word_1_148' title='bbox 742 1289 946 1335; x_wconf 86' lang='lat' dir='ltr'>acceperat,</span> <span class='ocrx_word' id='word_1_149' title='bbox 967 1284 1100 1323; x_wconf 85' lang='lat' dir='ltr'>defert.</span> <span class='ocrx_word' id='word_1_150' title='bbox 1159 1284 1184 1302; x_wconf 83' lang='lat'>¹³</span> <span class='ocrx_word' id='word_1_151' title='bbox 1198 1284 1332 1321; x_wconf 82' lang='lat' dir='ltr'>Placet</span> <span class='ocrx_word' id='word_1_152' title='bbox 1357 1283 1481 1333; x_wconf 88' lang='lat' dir='ltr'>ipsum</span> 
     </span>
     <span class='ocr_line' id='line_1_20' title="bbox 135 1347 1482 1399; baseline -0.004 -11"><span class='ocrx_word' id='word_1_153' title='bbox 135 1350 343 1389; x_wconf 85' lang='lat' dir='ltr'>subsistere</span> <span class='ocrx_word' id='word_1_154' title='bbox 361 1349 402 1386; x_wconf 92' lang='lat' dir='ltr'>in</span> <span class='ocrx_word' id='word_1_155' title='bbox 420 1348 675 1397; x_wconf 86' lang='lat' dir='ltr'>tabernaculo,</span> <span class='ocrx_word' id='word_1_156' title='bbox 694 1361 741 1386; x_wconf 91' lang='lat' dir='ltr'>ne</span> <span class='ocrx_word' id='word_1_157' title='bbox 761 1349 793 1386; x_wconf 91' lang='lat' dir='ltr'>si</span> <span class='ocrx_word' id='word_1_158' title='bbox 823 1348 967 1399; x_wconf 82' lang='lat' dir='ltr'>regiam</span> <span class='ocrx_word' id='word_1_159' title='bbox 986 1347 1182 1395; x_wconf 68' lang='lat' dir='ltr'>intrasset,</span> <span class='ocrx_word' id='word_1_160' title='bbox 1203 1360 1278 1385; x_wconf 89' lang='lat' dir='ltr'>non</span> <span class='ocrx_word' id='word_1_161' title='bbox 1307 1351 1482 1384; x_wconf 85' lang='lat' dir='ltr'>assuctus</span> 
     </span>
     <span class='ocr_line' id='line_1_21' title="bbox 135 1404 1483 1462; baseline -0.004 -11"><span class='ocrx_word' id='word_1_162' title='bbox 135 1413 240 1451; x_wconf 86' lang='lat' dir='ltr'>adire</span> <span class='ocrx_word' id='word_1_163' title='bbox 273 1413 428 1460; x_wconf 81' lang='lat' dir='ltr'>Regem,</span> <span class='ocrx_word' id='word_1_164' title='bbox 458 1412 646 1461; x_wconf 86' lang='lat' dir='ltr'>conjurati</span> <span class='ocrx_word' id='word_1_165' title='bbox 674 1404 852 1462; x_wconf 68' lang='lat' dir='ltr'>&#39;proditos</span> <span class='ocrx_word' id='word_1_166' title='bbox 883 1424 922 1449; x_wconf 92' lang='lat' dir='ltr'>se</span> <span class='ocrx_word' id='word_1_167' title='bbox 960 1423 1043 1449; x_wconf 87' lang='lat' dir='ltr'>esse</span> <span class='ocrx_word' id='word_1_168' title='bbox 1078 1411 1333 1448; x_wconf 84' lang='lat' dir='ltr'>resciscerent.</span> <span class='ocrx_word' id='word_1_169' title='bbox 1392 1409 1483 1460; x_wconf 87' lang='lat' dir='ltr'>Ipse</span> 
     </span>
     <span class='ocr_line' id='line_1_22' title="bbox 137 1472 1483 1525; baseline -0.004 -10"><span class='ocrx_word' id='word_1_170' title='bbox 137 1476 340 1515; x_wconf 85' lang='lat' dir='ltr'>Cebalinus</span> <span class='ocrx_word' id='word_1_171' title='bbox 359 1479 448 1512; x_wconf 88' lang='lat' dir='ltr'>ante</span> <span class='ocrx_word' id='word_1_172' title='bbox 467 1474 697 1513; x_wconf 82' lang='lat' dir='ltr'>vestibulum</span> <span class='ocrx_word' id='word_1_173' title='bbox 715 1474 830 1525; x_wconf 82' lang='lat' dir='ltr'>regiae</span> <span class='ocrx_word' id='word_1_174' title='bbox 850 1474 982 1524; x_wconf 86' lang='lat' dir='ltr'>(neque</span> <span class='ocrx_word' id='word_1_175' title='bbox 1001 1473 1100 1511; x_wconf 90' lang='lat' dir='ltr'>enim</span> <span class='ocrx_word' id='word_1_176' title='bbox 1119 1473 1274 1523; x_wconf 73' lang='lat' dir='ltr'>propins</span> <span class='ocrx_word' id='word_1_177' title='bbox 1302 1472 1429 1510; x_wconf 87' lang='lat' dir='ltr'>aditus</span> <span class='ocrx_word' id='word_1_178' title='bbox 1448 1472 1483 1510; x_wconf 87' lang='lat' dir='ltr'>ei</span> 
     </span>
     <span class='ocr_line' id='line_1_23' title="bbox 136 1535 1484 1590; baseline -0.003 -13"><span class='ocrx_word' id='word_1_179' title='bbox 136 1539 311 1590; x_wconf 85' lang='lat' dir='ltr'>patebat)</span> <span class='ocrx_word' id='word_1_180' title='bbox 333 1537 521 1585; x_wconf 83' lang='lat' dir='ltr'>consistit,</span> <span class='ocrx_word' id='word_1_181' title='bbox 542 1537 740 1587; x_wconf 87' lang='lat' dir='ltr'>opperiens</span> <span class='ocrx_word' id='word_1_182' title='bbox 771 1537 934 1587; x_wconf 83' lang='lat' dir='ltr'>aliquem</span> <span class='ocrx_word' id='word_1_183' title='bbox 964 1549 1011 1574; x_wconf 81' lang='lat' dir='ltr'>ex</span> <span class='ocrx_word' id='word_1_184' title='bbox 1039 1536 1165 1587; x_wconf 66' lang='lat' dir='ltr'>prima.</span> <span class='ocrx_word' id='word_1_185' title='bbox 1183 1536 1335 1574; x_wconf 84' lang='lat' dir='ltr'>cohorte</span> <span class='ocrx_word' id='word_1_186' title='bbox 1356 1536 1380 1554; x_wconf 76' lang='lat'>¹⁴</span> <span class='ocrx_word' id='word_1_187' title='bbox 1394 1535 1484 1573; x_wconf 85' lang='lat' dir='ltr'>ami·</span> 
     </span>
     <span class='ocr_line' id='line_1_24' title="bbox 137 1598 1484 1651; baseline -0.002 -12"><span class='ocrx_word' id='word_1_188' title='bbox 137 1615 276 1649; x_wconf 87' lang='lat' dir='ltr'>corum,</span> <span class='ocrx_word' id='word_1_189' title='bbox 295 1613 369 1651; x_wconf 87' lang='lat' dir='ltr'>quo</span> <span class='ocrx_word' id='word_1_190' title='bbox 388 1600 694 1637; x_wconf 84' lang='lat' dir='ltr'>introduceretur</span> <span class='ocrx_word' id='word_1_191' title='bbox 712 1599 762 1637; x_wconf 86' lang='lat' dir='ltr'>ad</span> <span class='ocrx_word' id='word_1_192' title='bbox 781 1599 938 1650; x_wconf 82' lang='lat' dir='ltr'>Regem.</span> <span class='ocrx_word' id='word_1_193' title='bbox 995 1599 1114 1637; x_wconf 71' lang='lat' dir='ltr'>Forte</span> <span class='ocrx_word' id='word_1_194' title='bbox 1134 1599 1284 1638; x_wconf 80' lang='lat' dir='ltr'>caeteris</span> <span class='ocrx_word' id='word_1_195' title='bbox 1304 1598 1484 1646; x_wconf 85' lang='lat' dir='ltr'>dimissis,</span> 
     </span>
     <span class='ocr_line' id='line_1_25' title="bbox 137 1661 1483 1713; baseline -0.002 -11"><span class='ocrx_word' id='word_1_196' title='bbox 137 1677 235 1703; x_wconf 89' lang='lat' dir='ltr'>unus</span> <span class='ocrx_word' id='word_1_197' title='bbox 254 1663 432 1702; x_wconf 89' lang='lat' dir='ltr'>Philotas</span> <span class='ocrx_word' id='word_1_198' title='bbox 452 1662 715 1701; x_wconf 85' lang='lat' dir='ltr'>Parmenionis</span> <span class='ocrx_word' id='word_1_199' title='bbox 733 1662 849 1710; x_wconf 84' lang='lat' dir='ltr'>filius,</span> <span class='ocrx_word' id='word_1_200' title='bbox 870 1663 895 1680; x_wconf 66' lang='lat'>¹⁵</span> <span class='ocrx_word' id='word_1_201' title='bbox 909 1662 1097 1700; x_wconf 88' lang='lat' dir='ltr'>incertum</span> <span class='ocrx_word' id='word_1_202' title='bbox 1115 1675 1227 1713; x_wconf 87' lang='lat' dir='ltr'>quam</span> <span class='ocrx_word' id='word_1_203' title='bbox 1255 1661 1303 1700; x_wconf 94' lang='lat' dir='ltr'>ob</span> <span class='ocrx_word' id='word_1_204' title='bbox 1322 1674 1483 1708; x_wconf 87' lang='lat' dir='ltr'>causam,</span> 
     </span>
     <span class='ocr_line' id='line_1_26' title="bbox 139 1725 1485 1777; baseline -0.004 -11"><span class='ocrx_word' id='word_1_205' title='bbox 139 1727 365 1765; x_wconf 85' lang='lat' dir='ltr'>substiterat</span> <span class='ocrx_word' id='word_1_206' title='bbox 383 1726 423 1763; x_wconf 94' lang='lat' dir='ltr'>in</span> <span class='ocrx_word' id='word_1_207' title='bbox 440 1725 557 1777; x_wconf 65' lang='lat' dir='ltr'>regia.</span> <span class='ocrx_word' id='word_1_208' title='bbox 601 1725 706 1763; x_wconf 88' lang='lat' dir='ltr'>Huic</span> <span class='ocrx_word' id='word_1_209' title='bbox 727 1725 947 1773; x_wconf 87' lang='lat' dir='ltr'>Cebalinus,</span> <span class='ocrx_word' id='word_1_210' title='bbox 970 1737 1033 1763; x_wconf 88' lang='lat' dir='ltr'>ore</span> <span class='ocrx_word' id='word_1_211' title='bbox 1063 1725 1221 1762; x_wconf 90' lang='lat' dir='ltr'>confuso</span> <span class='ocrx_word' id='word_1_212' title='bbox 1240 1737 1388 1775; x_wconf 83' lang='lat' dir='ltr'>magnae</span> <span class='ocrx_word' id='word_1_213' title='bbox 1405 1736 1485 1774; x_wconf 86' lang='lat' dir='ltr'>per·</span> 
     </span>
     <span class='ocr_line' id='line_1_27' title="bbox 141 1785 1486 1838; baseline -0.004 -10"><span class='ocrx_word' id='word_1_214' title='bbox 141 1790 370 1830; x_wconf 76' lang='lat' dir='ltr'>turbationis</span> <span class='ocrx_word' id='word_1_215' title='bbox 402 1794 512 1827; x_wconf 86' lang='lat' dir='ltr'>notas</span> <span class='ocrx_word' id='word_1_216' title='bbox 540 1801 620 1838; x_wconf 83' lang='lat' dir='ltr'>prae</span> <span class='ocrx_word' id='word_1_217' title='bbox 650 1801 690 1826; x_wconf 90' lang='lat' dir='ltr'>se</span> <span class='ocrx_word' id='word_1_218' title='bbox 721 1789 859 1835; x_wconf 87' lang='lat' dir='ltr'>ferens,</span> <span class='ocrx_word' id='word_1_219' title='bbox 879 1787 1006 1837; x_wconf 86' lang='lat' dir='ltr'>aperit</span> <span class='ocrx_word' id='word_1_220' title='bbox 1032 1800 1119 1838; x_wconf 85' lang='lat' dir='ltr'>quae</span> <span class='ocrx_word' id='word_1_221' title='bbox 1137 1785 1184 1825; x_wconf 65' lang='lat' dir='ltr'>ex</span> <span class='ocrx_word' id='word_1_222' title='bbox 1202 1787 1322 1824; x_wconf 84' lang='lat' dir='ltr'>fratre</span> <span class='ocrx_word' id='word_1_223' title='bbox 1342 1799 1486 1837; x_wconf 88' lang='lat' dir='ltr'>compe-</span> 
     </span>
     <span class='ocr_line' id='line_1_28' title="bbox 142 1849 1486 1902; baseline -0.003 -10"><span class='ocrx_word' id='word_1_224' title='bbox 142 1858 257 1902; x_wconf 85' lang='lat' dir='ltr'>rerat,</span> <span class='ocrx_word' id='word_1_225' title='bbox 277 1858 316 1891; x_wconf 90' lang='lat' dir='ltr'>et</span> <span class='ocrx_word' id='word_1_226' title='bbox 336 1853 416 1891; x_wconf 92' lang='lat' dir='ltr'>sine</span> <span class='ocrx_word' id='word_1_227' title='bbox 435 1851 673 1890; x_wconf 83' lang='lat' dir='ltr'>cunctatione</span> <span class='ocrx_word' id='word_1_228' title='bbox 691 1851 864 1888; x_wconf 81' lang='lat' dir='ltr'>nunciari</span> <span class='ocrx_word' id='word_1_229' title='bbox 883 1850 984 1901; x_wconf 80' lang='lat' dir='ltr'>Regi</span> <span class='ocrx_word' id='word_1_230' title='bbox 1008 1850 1127 1900; x_wconf 86' lang='lat' dir='ltr'>jubet.</span> <span class='ocrx_word' id='word_1_231' title='bbox 1202 1849 1389 1898; x_wconf 86' lang='lat' dir='ltr'>Philotas,</span> <span class='ocrx_word' id='word_1_232' title='bbox 1409 1850 1486 1888; x_wconf 85' lang='lat' dir='ltr'>lau-</span> 
     </span>
     <span class='ocr_line' id='line_1_29' title="bbox 143 1913 1487 1966; baseline -0.004 -10"><span class='ocrx_word' id='word_1_233' title='bbox 143 1918 230 1955; x_wconf 84' lang='lat' dir='ltr'>dato</span> <span class='ocrx_word' id='word_1_234' title='bbox 250 1930 305 1965; x_wconf 87' lang='lat' dir='ltr'>co,</span> <span class='ocrx_word' id='word_1_235' title='bbox 327 1915 505 1966; x_wconf 65' lang='lat' dir='ltr'>protinus</span> <span class='ocrx_word' id='word_1_236' title='bbox 524 1914 643 1952; x_wconf 84' lang='lat' dir='ltr'>intrat</span> <span class='ocrx_word' id='word_1_237' title='bbox 663 1913 711 1951; x_wconf 85' lang='lat' dir='ltr'>ad</span> <span class='ocrx_word' id='word_1_238' title='bbox 731 1913 1017 1962; x_wconf 76' lang='lat' dir='ltr'>Alexandrum3</span> <span class='ocrx_word' id='word_1_239' title='bbox 1046 1913 1241 1963; x_wconf 83' lang='lat' dir='ltr'>multoque</span> <span class='ocrx_word' id='word_1_240' title='bbox 1260 1913 1420 1950; x_wconf 72' lang='lat' dir='ltr'>invicem</span> <span class='ocrx_word' id='word_1_241' title='bbox 1440 1913 1487 1951; x_wconf 89' lang='lat' dir='ltr'>de</span> 
     </span>
     <span class='ocr_line' id='line_1_30' title="bbox 144 1975 1488 2028; baseline -0.002 -11"><span class='ocrx_word' id='word_1_242' title='bbox 144 1981 231 2017; x_wconf 78' lang='lat' dir='ltr'>aliis</span> <span class='ocrx_word' id='word_1_243' title='bbox 262 1980 375 2018; x_wconf 80' lang='lat' dir='ltr'>rebus</span> <span class='ocrx_word' id='word_1_244' title='bbox 404 1981 625 2028; x_wconf 87' lang='lat' dir='ltr'>consumpto</span> <span class='ocrx_word' id='word_1_245' title='bbox 655 1988 838 2024; x_wconf 85' lang='lat' dir='ltr'>sermone,</span> <span class='ocrx_word' id='word_1_246' title='bbox 858 1975 956 2013; x_wconf 88' lang='lat' dir='ltr'>nihil</span> <span class='ocrx_word' id='word_1_247' title='bbox 985 1989 1114 2014; x_wconf 88' lang='lat' dir='ltr'>eorum</span> <span class='ocrx_word' id='word_1_248' title='bbox 1133 1989 1218 2026; x_wconf 70' lang='lat' dir='ltr'>qua}</span> <span class='ocrx_word' id='word_1_249' title='bbox 1237 1989 1283 2014; x_wconf 80' lang='lat' dir='ltr'>ex</span> <span class='ocrx_word' id='word_1_250' title='bbox 1305 1976 1488 2015; x_wconf 84' lang='lat' dir='ltr'>Cebalino</span> 
     </span>
     <span class='ocr_line' id='line_1_31' title="bbox 158 2039 1489 2093; baseline -0.002 -13"><span class='ocrx_word' id='word_1_251' title='bbox 158 2047 382 2093; x_wconf 64' lang='lat' dir='ltr'>cgnoverat,</span> <span class='ocrx_word' id='word_1_252' title='bbox 402 2041 568 2079; x_wconf 86' lang='lat' dir='ltr'>nunciat.</span> <span class='ocrx_word' id='word_1_253' title='bbox 638 2040 716 2079; x_wconf 82' lang='lat' dir='ltr'>Sub</span> <span class='ocrx_word' id='word_1_254' title='bbox 735 2053 928 2089; x_wconf 69' lang='lat' dir='ltr'>vesperam</span> <span class='ocrx_word' id='word_1_255' title='bbox 947 2052 1033 2077; x_wconf 87' lang='lat' dir='ltr'>eum</span> <span class='ocrx_word' id='word_1_256' title='bbox 1054 2039 1301 2090; x_wconf 85' lang='lat' dir='ltr'>prodeuntem</span> <span class='ocrx_word' id='word_1_257' title='bbox 1320 2039 1359 2077; x_wconf 92' lang='lat' dir='ltr'>in</span> <span class='ocrx_word' id='word_1_258' title='bbox 1377 2040 1489 2078; x_wconf 78' lang='lat' dir='ltr'>vesti-</span> 
     </span>
     <span class='ocr_line' id='line_1_32' title="bbox 144 2103 1489 2155; baseline -0.004 -10"><span class='ocrx_word' id='word_1_259' title='bbox 144 2106 235 2145; x_wconf 90' lang='lat' dir='ltr'>bulo</span> <span class='ocrx_word' id='word_1_260' title='bbox 264 2105 382 2155; x_wconf 72' lang='lat' dir='ltr'>regico</span> <span class='ocrx_word' id='word_1_261' title='bbox 415 2104 554 2155; x_wconf 74' lang='lat' dir='ltr'>excipit</span> <span class='ocrx_word' id='word_1_262' title='bbox 569 2103 732 2153; x_wconf 76' lang='lat' dir='ltr'>juvenis,</span> <span class='ocrx_word' id='word_1_263' title='bbox 754 2106 774 2124; x_wconf 69' lang='lat'>‘⁴</span> <span class='ocrx_word' id='word_1_264' title='bbox 792 2116 840 2140; x_wconf 88' lang='lat' dir='ltr'>an</span> <span class='ocrx_word' id='word_1_265' title='bbox 858 2103 1076 2140; x_wconf 85' lang='lat' dir='ltr'>mandatum</span> <span class='ocrx_word' id='word_1_266' title='bbox 1095 2107 1296 2140; x_wconf 77' lang='lat' dir='ltr'>exsecutus</span> <span class='ocrx_word' id='word_1_267' title='bbox 1317 2103 1489 2151; x_wconf 75' lang='lat' dir='ltr'>¹⁶forct,&#39;&#39;</span> 
     </span>
     <span class='ocr_line' id='line_1_33' title="bbox 146 2166 1489 2219; baseline -0.001 -13"><span class='ocrx_word' id='word_1_268' title='bbox 146 2168 350 2219; x_wconf 76' lang='lat' dir='ltr'>requirens.</span> <span class='ocrx_word' id='word_1_269' title='bbox 420 2167 506 2215; x_wconf 90' lang='lat' dir='ltr'>Ille,</span> <span class='ocrx_word' id='word_1_270' title='bbox 527 2170 638 2205; x_wconf 85' lang='lat' dir='ltr'>“non</span> <span class='ocrx_word' id='word_1_271' title='bbox 658 2169 811 2205; x_wconf 69' lang='lat' dir='ltr'>vacasse</span> <span class='ocrx_word' id='word_1_272' title='bbox 831 2166 992 2203; x_wconf 75' lang='lat' dir='ltr'>sermoni</span> <span class='ocrx_word' id='word_1_273' title='bbox 1014 2179 1080 2204; x_wconf 91' lang='lat' dir='ltr'>suo</span> <span class='ocrx_word' id='word_1_274' title='bbox 1101 2166 1281 2218; x_wconf 83' lang='lat' dir='ltr'>chcm,&#39;&#39;</span> <span class='ocrx_word' id='word_1_275' title='bbox 1300 2171 1489 2214; x_wconf 79' lang='lat' dir='ltr'>causatus,</span> 
     </span>
     <span class='ocr_line' id='line_1_34' title="bbox 148 2229 1491 2281; baseline -0.001 -12"><span class='ocrx_word' id='word_1_276' title='bbox 148 2231 332 2269; x_wconf 81' lang='lat' dir='ltr'>discessit.</span> <span class='ocrx_word' id='word_1_277' title='bbox 417 2231 578 2267; x_wconf 76' lang='lat' dir='ltr'>Postero</span> <span class='ocrx_word' id='word_1_278' title='bbox 607 2230 668 2267; x_wconf 86' lang='lat' dir='ltr'>die</span> <span class='ocrx_word' id='word_1_279' title='bbox 698 2230 904 2268; x_wconf 76' lang='lat' dir='ltr'>Cebalinus</span> <span class='ocrx_word' id='word_1_280' title='bbox 932 2229 1100 2267; x_wconf 72' lang='lat' dir='ltr'>venienti</span> <span class='ocrx_word' id='word_1_281' title='bbox 1128 2230 1167 2267; x_wconf 89' lang='lat' dir='ltr'>in</span> <span class='ocrx_word' id='word_1_282' title='bbox 1186 2229 1332 2281; x_wconf 79' lang='lat' dir='ltr'>regiam</span> <span class='ocrx_word' id='word_1_283' title='bbox 1351 2233 1491 2280; x_wconf 72' lang='lat' dir='ltr'>praestb</span> 
     </span>
     <span class='ocr_line' id='line_1_35' title="bbox 149 2293 1481 2344; baseline -0.002 -12"><span class='ocrx_word' id='word_1_284' title='bbox 149 2301 207 2332; x_wconf 76' lang='lat' dir='ltr'>est</span> <span class='ocrx_word' id='word_1_285' title='bbox 225 2307 232 2332; x_wconf 92' lang='grc'>;</span> <span class='ocrx_word' id='word_1_286' title='bbox 263 2294 540 2343; x_wconf 77' lang='lat' dir='ltr'>intrantemque</span> <span class='ocrx_word' id='word_1_287' title='bbox 560 2293 738 2330; x_wconf 80' lang='lat' dir='ltr'>admonet</span> <span class='ocrx_word' id='word_1_288' title='bbox 758 2293 879 2342; x_wconf 69' lang='lat' dir='ltr'>pridic-</span> <span class='ocrx_word' id='word_1_289' title='bbox 899 2293 1184 2331; x_wconf 71' lang='lat' dir='ltr'>communicatae</span> <span class='ocrx_word' id='word_1_290' title='bbox 1211 2306 1296 2331; x_wconf 76' lang='lat' dir='ltr'>cum</span> <span class='ocrx_word' id='word_1_291' title='bbox 1324 2293 1406 2344; x_wconf 84' lang='lat' dir='ltr'>ipso</span> <span class='ocrx_word' id='word_1_292' title='bbox 1426 2293 1481 2331; x_wconf 85' lang='lat' dir='ltr'>rei</span> 
     </span>
     <span class='ocr_line' id='line_1_36' title="bbox 154 2356 1494 2409; baseline -0.001 -13"><span class='ocrx_word' id='word_1_293' title='bbox 154 2358 227 2397; x_wconf 88' lang='lat' dir='ltr'>Ille</span> <span class='ocrx_word' id='word_1_294' title='bbox 258 2371 359 2395; x_wconf 66' lang='lat' dir='ltr'>curie</span> <span class='ocrx_word' id='word_1_295' title='bbox 391 2357 462 2396; x_wconf 78' lang='lat' dir='ltr'>sibi</span> <span class='ocrx_word' id='word_1_296' title='bbox 483 2370 564 2394; x_wconf 80' lang='lat' dir='ltr'>esse</span> <span class='ocrx_word' id='word_1_297' title='bbox 594 2356 818 2405; x_wconf 78' lang='lat' dir='ltr'>respondet:</span> <span class='ocrx_word' id='word_1_298' title='bbox 849 2370 891 2393; x_wconf 77' lang='lat' dir='ltr'>ac</span> <span class='ocrx_word' id='word_1_299' title='bbox 924 2369 967 2393; x_wconf 78' lang='lat' dir='ltr'>ne</span> <span class='ocrx_word' id='word_1_300' title='bbox 1000 2361 1080 2394; x_wconf 79' lang='lat' dir='ltr'>tum</span> <span class='ocrx_word' id='word_1_301' title='bbox 1099 2356 1250 2407; x_wconf 83' lang='lat' dir='ltr'>quidem</span> <span class='ocrx_word' id='word_1_302' title='bbox 1278 2357 1390 2409; x_wconf 84' lang='lat' dir='ltr'>Regi,</span> <span class='ocrx_word' id='word_1_303' title='bbox 1409 2369 1494 2407; x_wconf 80' lang='lat' dir='ltr'>quae</span> 
     </span>
     <span class='ocr_line' id='line_1_37' title="bbox 151 2419 1493 2471; baseline -0.002 -11"><span class='ocrx_word' id='word_1_304' title='bbox 151 2421 333 2470; x_wconf 78' lang='lat' dir='ltr'>audierat,</span> <span class='ocrx_word' id='word_1_305' title='bbox 354 2420 486 2470; x_wconf 80' lang='lat' dir='ltr'>aperit.</span> <span class='ocrx_word' id='word_1_306' title='bbox 572 2419 747 2470; x_wconf 72' lang='lat' dir='ltr'>Coeperat</span> <span class='ocrx_word' id='word_1_307' title='bbox 768 2419 946 2458; x_wconf 73' lang='lat' dir='ltr'>Cebalino</span> <span class='ocrx_word' id='word_1_308' title='bbox 968 2434 1048 2457; x_wconf 80' lang='lat' dir='ltr'>esse</span> <span class='ocrx_word' id='word_1_309' title='bbox 1069 2426 1272 2471; x_wconf 84' lang='lat' dir='ltr'>suspectus.</span> <span class='ocrx_word' id='word_1_310' title='bbox 1356 2419 1493 2470; x_wconf 77' lang='lat' dir='ltr'>Itaque</span> 
     </span>
    </p>
   </div>
  </div>
 </body>
</html>
