1583 2680
140 128 211 164 144
597 140 782 173 QUINTI
824 142 1008 168 CURTII

135 231 158 248 ¹³
175 231 400 283 indignatio,
419 244 488 270 nec
506 231 644 271 laetitia
661 233 860 272 moderata
879 238 949 272 est.
1005 234 1071 272 Ad
1089 246 1216 272 omnes
1236 234 1393 273 affectus
1411 234 1478 273 im-

131 299 222 344 petu
249 295 442 345 rapimur3
473 296 745 346 vituperamus,
775 296 985 346 laudamus,
1015 297 1248 346 miseremur,
1268 297 1478 346 irascimur,

131 362 333 408 utcumque
365 371 533 408 praesens
566 359 686 397 movit
719 359 869 397 affectio
887 373 895 397 :
937 360 1049 398 modo
1088 360 1239 398 Indiam
1284 361 1403 409 adire,
1441 366 1480 399 et

135 419 328 458 Oceanum
346 421 453 469 libet,
473 422 583 459 modo
604 423 809 473 conjugum
829 427 869 460 et
887 423 1093 461 liberorum
1111 424 1317 474 patriaeque
1344 436 1479 461 memo-

131 483 188 520 ria
208 484 381 522 occurrit.
439 484 515 523 Sed
533 484 603 521 has
622 485 884 536 cogitationes,
904 486 973 523 has
991 485 1092 523 inter
1119 499 1158 525 se
1187 486 1480 536 colloquentium

131 559 253 595 voceS,
275 547 425 598 signum
443 547 540 586 tuba
560 548 692 585 datum
709 548 802 587 finit.
860 549 909 587 In
927 561 1015 587 suos
1033 549 1190 600 quisque
1220 548 1371 586 ordines
1400 561 1480 585 cur-

131 609 271 660 rimus,
304 612 328 628 ¹⁹
341 615 379 648 et
397 610 584 661 quidquid
604 611 748 649 irarum
775 611 815 648 in
842 612 1085 650 tabernaculo
1113 616 1333 662 conceptum
1352 615 1421 659 est,
1441 611 1481 648 i·n

132 672 299 710 hostium
330 674 537 711 effunditur
567 674 703 724 capita.
760 675 785 692 ²⁰
800 674 960 713 Utinam
993 674 1168 713 Philotas
1199 687 1347 725 quoque
1377 674 1482 711 intra

132 736 245 774 verba
264 739 460 785 peccasset
476 735 484 774 ἒ
502 737 523 756 ”

214 801 236 819 “
253 799 423 836 Proinde
443 799 492 836 ad
510 799 552 836 id
571 802 791 849 praevertar,
811 804 967 850 propter
985 800 1086 851 quod
1104 800 1160 838 rei
1179 812 1318 838 sumus,
1375 799 1482 837 Ami·

133 861 273 909 citiam,
294 875 378 912 quae
397 861 506 900 nobis
535 875 623 899 cum
652 862 812 900 Philota
841 863 930 911 fuit,
950 863 974 880 ²¹
989 862 1084 901 adeo
1113 875 1189 900 non
1209 876 1252 900 eo
1271 862 1424 911 infitias,
1439 867 1483 900 ut

133 927 323 974 expefflsse
342 937 489 975 quoque
507 937 588 973 nos,
608 938 838 977 magnosque
858 938 905 963 ex
924 929 969 964 ea
988 926 1135 964 fructus
1163 926 1373 976 percepisse
1400 938 1482 963 con-

133 988 252 1026 fitear.
310 987 376 1025 An
393 990 485 1026 vero
517 988 795 1037 Parmenionis,
815 1002 927 1040 quem
945 989 1018 1028 tibi
1046 989 1262 1039 proximum
1281 1001 1361 1027 esse
1379 989 1482 1027 volu-

133 1051 214 1100 isti,
234 1051 367 1100 filium,
387 1063 515 1089 omnes
533 1065 629 1102 pene
649 1052 788 1090 amicos
807 1057 894 1090 tuos
923 1052 1144 1104 dignatione
1162 1053 1387 1101 vincentem,
1408 1051 1482 1089 cul-

133 1120 214 1152 tum
233 1128 255 1152 a
273 1115 382 1153 nobis
402 1128 483 1153 esse
501 1115 686 1153 miraris?
741 1115 803 1153 Tu
830 1116 982 1154 hercule
1019 1116 1068 1165 (si
1086 1129 1219 1154 verum
1249 1115 1379 1154 audire
1407 1115 1481 1166 vis)

133 1178 232 1226 Rex,
252 1178 366 1228 hujus
394 1178 503 1217 nobis
534 1178 696 1228 periculi
723 1191 835 1216 causa
853 1191 903 1217 es.
963 1177 1060 1224 Quis
1092 1178 1193 1216 enim
1222 1178 1319 1216 alius
1348 1178 1482 1226 effecit,

132 1246 176 1278 ut
206 1241 255 1278 ad
283 1240 477 1279 Philotam
495 1241 521 1259 ²²
538 1241 788 1290 decurrerent,
808 1241 875 1292 qui
892 1241 1038 1292 placere
1057 1241 1200 1280 vellent
1219 1241 1325 1280 tibi?
1377 1241 1403 1259 ²³
1417 1241 1483 1279 Ab

134 1303 199 1341 illo
221 1303 366 1352 traditi,
387 1304 435 1341 ad
453 1304 552 1341 hunc
566 1303 727 1355 gradum
742 1304 920 1342 amicitiae
937 1309 1015 1343 tuae
1029 1304 1275 1342 ascendimus.
1323 1304 1366 1342 Is
1385 1303 1485 1355 apud

134 1371 173 1404 te
191 1366 279 1415 fuit,
300 1367 409 1416 cujus
427 1366 593 1418 gratiam
612 1371 800 1418 expetere,
820 1371 858 1405 et
876 1367 973 1405 iram
999 1367 1132 1406 timere
1159 1380 1362 1418 possemus.
1419 1367 1483 1404 An

133 1442 207 1467 non
225 1429 496 1480 propemodum
516 1429 555 1467 in
573 1430 597 1447 ²⁴¹
612 1433 677 1468 tua
695 1429 811 1469 verba
830 1431 888 1467 tui
906 1442 1048 1478 omneS,
1069 1431 1094 1447 ²⁵
1107 1435 1146 1468 te
1163 1434 1366 1480 praeeunte,
1381 1431 1484 1480 jura-

135 1493 272 1542 vimus,
294 1492 446 1530 eosdem
463 1505 532 1530 nos
552 1492 727 1530 inimicos
746 1492 959 1543 amicosque
986 1492 1182 1531 habituros
1210 1506 1302 1541 esse,
1321 1505 1415 1544 quos
1442 1497 1486 1530 tu

135 1555 325 1594 haberes?
353 1556 380 1573 ²⁶
396 1555 467 1593 hoc
487 1560 720 1593 sacramento
739 1555 896 1606 pietatis
914 1555 1090 1594 obstricti
1109 1568 1368 1594 aversaremur
1388 1555 1485 1593 seili-

135 1623 204 1667 cet,
225 1631 335 1670 quem
353 1623 398 1656 tu
417 1618 592 1657 omnibus
616 1618 876 1669 praeferebas?
930 1618 1059 1670 Igitur
1087 1619 1119 1657 si
1146 1618 1218 1657 hoc
1246 1619 1386 1657 crimen
1416 1623 1484 1667 est,

136 1687 180 1719 tu
208 1694 345 1732 paucos
374 1681 595 1719 innocentes
623 1681 750 1729 habes,
789 1681 864 1719 imo
897 1681 1051 1720 hercule
1088 1681 1285 1720 neminem.
1345 1680 1486 1721 Omnes

135 1745 237 1783 enim
269 1745 439 1784 Philotae
466 1744 578 1782 amici
606 1757 687 1782 esse
716 1744 940 1783 voluerunt:
968 1744 1037 1785 sed
1067 1744 1238 1793 totidem,
1268 1748 1359 1795 quot
1386 1743 1485 1782 vole-

135 1809 241 1857 bant,
262 1821 343 1846 esse
360 1821 435 1846 non
452 1811 637 1859 poterant.
693 1807 761 1845 Ita
781 1807 814 1845 si
834 1820 856 1844 a
875 1807 1033 1844 consciis
1061 1807 1199 1845 amieos
1227 1820 1303 1845 non
1331 1807 1484 1855 dividis,

136 1885 202 1910 nec
222 1872 270 1911 ab
291 1871 422 1910 amieis
440 1870 592 1922 quidem
605 1870 800 1921 separabis
818 1869 919 1917 illos,
933 1870 999 1921 qui
1019 1869 1138 1907 iidem
1152 1882 1232 1908 esse
1245 1869 1485 1909 voluerunt.'’

217 1938 239 1956 “
255 1935 368 1981 Quod
393 1934 516 1986 igitur
544 1933 782 1971 conscicntiae
818 1933 974 1971 affertur
1005 1932 1187 1970 indicium
1202 1933 1220 1970 ἶ)
1260 1938 1305 1971 ut
1338 1933 1484 1983 opinor,

136 1998 226 2049 quia
244 1998 368 2049 pridie
388 1997 641 2045 familiariter,
661 2001 700 2034 et
719 1995 801 2033 sine
830 1995 995 2044 arbitris,
1015 1995 1163 2034 locutus
1193 2000 1252 2034 est
1279 1996 1484 2035 nobiscum.

137 2062 197 2100 At
217 2074 284 2112 ego
303 2073 467 2112 purgare
486 2073 560 2098 non
580 2072 740 2110 possem,
763 2059 796 2096 si
815 2059 939 2109 pridio
959 2059 1163 2110 quicquam
1182 2072 1229 2097 ex
1245 2064 1375 2099 vetere
1402 2059 1486 2098 vita

140 2138 182 2162 ac
202 2137 305 2162 more
324 2126 540 2162 mutassem.
585 2122 622 2161 N
626 2135 695 2160 une
714 2123 815 2170 vero,
836 2122 880 2170 si,
900 2127 945 2160 ut
963 2122 1134 2160 omnibus
1154 2122 1297 2171 diebus,
1313 2122 1379 2160 illo
1397 2135 1486 2174 quo-

140 2201 223 2240 que,
243 2187 307 2238 qui
326 2191 523 2236 suspectus
544 2190 613 2233 est,
633 2186 803 2234 fecimus,
819 2185 1047 2223 consuetudo
1067 2185 1187 2223 diluet
1207 2185 1383 2224 erimen.”

221 2250 335 2289 “Sed
354 2262 467 2300 equos
488 2249 702 2298 Antiphani
722 2261 795 2285 non
816 2248 1013 2297 dodimus3
1045 2254 1083 2286 et
1102 2249 1225 2299 pridie
1254 2250 1368 2300 quam
1396 2248 1488 2286 Phi-

141 2316 240 2354 lotas
259 2313 430 2351 detectus
450 2317 517 2358 est,
546 2313 570 2329 '³⁷
587 2312 665 2349 hauc
684 2311 776 2348 mihi
805 2325 888 2349 cum
917 2312 1138 2362 Antiphane
1166 2325 1226 2350 res
1255 2311 1356 2350 erat!
1414 2311 1488 2356 Qui

143 2379 176 2417 si
194 2390 262 2416 nos
281 2381 476 2427 suspectos
492 2375 614 2412 facere
634 2374 730 2421 vult,
750 2374 851 2424 quod
872 2374 936 2411 illo
957 2374 1017 2412 die
1037 2388 1153 2426 equos
1172 2388 1246 2413 non
1261 2375 1488 2422 dederimus,

144 2441 403 2491 semetipsum,
421 2438 522 2491 qued
541 2451 603 2476 cos
624 2437 866 2486 desideravit,
887 2451 1050 2489 purgare
1069 2451 1143 2477 non
1163 2438 1312 2489 poterit.
1370 2437 1396 2456 ²⁵
1411 2437 1488 2476 Au-
