1583 2680
125 157 197 195 :90
586 167 771 200 ‹2111er
812 167 996 193 cunru

119 261 202 313 Ego
222 265 351 299 autem
371 273 495 299 seram
514 259 842 298 immortalitatem
874 272 1008 310 precor
1035 258 1150 311 Regi,
1169 263 1214 297 ut
1233 263 1270 298 et
1288 259 1368 298 vita
1387 259 1468 298 diu·

118 329 232 362 turna
265 325 326 373 sit,
365 328 404 362 et
435 328 577 362 aeterna
609 324 799 372 majestas.
875 322 1084 360 Hominem
1121 323 1362 374 consequitur
1400 323 1468 361 ali-

117 387 279 438 quando,
309 400 502 438 nunquam
532 386 736 424 comitatur
769 385 961 424 divinitas.
1021 385 1230 424 Herculem
1251 387 1273 404 ¹⁹
1289 386 1411 434 mode,
1431 390 1468 423 et

118 455 268 500 patrem
299 450 494 498 Liberum,
529 453 759 487 consecratae
789 448 1092 486 immortalitatis
1122 448 1304 499 exempla,
1334 449 1468 486 refere-

117 514 195 552 bas.
265 512 448 552 Credisne
492 513 580 550 illos
625 512 740 550 unius
775 511 942 550 convivii
987 511 1137 550 decreto
1175 511 1279 549 Deos
1314 511 1469 549 factos?

119 576 188 614 Pri
197 577 240 613 1'1s
259 576 307 614 ab
327 576 447 613 oculis
465 574 687 613 mortalium
707 575 865 613 amolita
893 578 1032 612 natura
1051 579 1120 623 est,
1139 576 1255 625 quam
1274 574 1316 612 in
1334 574 1469 612 eaelum

117 641 219 678 fama
243 640 476 691 perveheret.
532 640 557 657 ²⁰
573 639 728 678 Scilicet
761 652 831 690 ego
863 644 903 677 et
927 644 982 687 tu,
1018 638 1122 687 Cleo,
1157 639 1259 677 Deos
1285 638 1468 676 facimus!

117 703 157 740 A
192 703 303 741 nobis
342 702 557 741 divinitatis
595 715 673 741 suae
710 702 975 739 auctoritatem
1011 706 1231 751 accepturus
1269 706 1328 739 est
1363 701 1468 739 Rex!

118 767 141 783 ²¹
159 766 382 803 Potentiam
411 770 515 803 tuam
548 765 713 814 experiri
744 763 852 802 libet.
926 764 1004 801 Fac
1037 763 1203 815 aliquem
1235 763 1395 815 Regem,
1436 764 1468 801 si

118 828 241 866 Deum
270 833 376 878 potes
405 828 540 866 facere.
597 827 806 865 ²²Facilis1s
836 831 893 864 est
920 826 1119 877 imperium
1148 827 1248 876 dare,
1267 829 1383 879 quam
1401 840 1470 865 coe-

117 891 207 929 lum.
264 891 291 908 ²³
305 891 372 928 Dii
400 890 556 941 propitii
587 890 668 928 sine
698 889 856 938 invidia,
886 903 972 941 quae
1006 888 1097 928 Cleo
1131 889 1241 939 dixit,
1270 889 1470 939 audierint,

118 953 323 1004 eodemque
343 966 470 1002 cursu,
489 966 562 1005 quo
581 953 725 990 fluxere
756 952 878 990 adhuc
906 965 979 1001 res,
999 952 1054 990 ire
1085 953 1301 1003 patiantur:
1329 952 1471 990 nostris

118 1016 289 1054 moribus
316 1016 439 1055 velint
468 1028 537 1054 nos
569 1028 650 1054 esse
683 1020 889 1054 contentos.
947 1015 1038 1053 Non
1065 1015 1188 1065 pudet
1214 1015 1372 1066 patriae,
1400 1027 1470 1052 nee

122 1078 306 1128 desidero,
329 1079 377 1117 ad
395 1092 506 1130 quem
538 1078 692 1117 modum
711 1079 798 1117 Rex
829 1079 925 1116 mihi
945 1078 1124 1116 colendus
1144 1079 1206 1127 sit,
1225 1092 1248 1116 a
1266 1078 1379 1116 victis
1397 1078 1470 1115 dis-

119 1155 212 1180 cere.
271 1141 375 1187 Quos
407 1142 581 1193 equidem
607 1142 778 1181 victores
801 1154 885 1180 esse
918 1142 1108 1189 confiteor,
1129 1141 1162 1178 si
1180 1140 1227 1179 ab
1247 1140 1325 1178 illis
1352 1141 1469 1192 leges,

124 1205 231 1255 queis
251 1205 436 1253 vivamus,
457 1205 697 1255 accipimus.’‘

199 1269 260 1306 20.
291 1268 434 1319 AEquis
470 1268 628 1306 auribus
676 1267 927 1315 calisthenes,
965 1266 1084 1305 veluti
1122 1257 1264 1305 vindex
1308 1267 1471 1317 publicae

120 1331 326 1379 libertatis,
347 1331 584 1369 audiebatur.
642 1331 669 1348 ²⁴
686 1331 938 1381 Expresserat
966 1343 1043 1368 non
1074 1330 1327 1368 assensionem
1344 1330 1469 1379 modo,

121 1393 187 1431 sed
207 1394 324 1431 etiam
342 1407 484 1442 vocem,
505 1394 695 1432 seniorum
723 1394 926 1444 praecipue,
946 1393 1084 1444 quibus
1114 1393 1242 1444 gravis
1270 1399 1353 1431 erat
1372 1394 1470 1432 inve-

121 1458 236 1494 terati
268 1457 384 1495 moris
416 1462 572 1495 externa
600 1457 776 1495 mutatio.
835 1456 919 1494 Nec
948 1456 1151 1508 quidquam
1180 1457 1358 1505 2⁵eorum,
1386 1471 1472 1509 quae

123 1521 287 1558 invicem
313 1522 460 1569 jactata
492 1525 612 1567 erant,
632 1520 720 1558 Rex
751 1519 962 1571 ignorabat,
982 1521 1071 1557 cum
1090 1524 1178 1570 post
1195 1520 1367 1569 aulaeam,
1387 1535 1472 1573 quae

119 1584 235 1621 lectos
255 1583 478 1632 obduxerat,
500 1588 629 1622 staret.
686 1583 816 1635 Igitur
845 1583 894 1621 ad
925 1583 1045 1635 Agim
1076 1588 1115 1622 et
1144 1583 1326 1623 Cleonem
1353 1585 1470 1634 misit,

118 1652 162 1683 ut
182 1659 354 1684 sermone
371 1647 490 1695 finito,
510 1646 701 1686 Barbaros
719 1648 886 1696 tantum,
906 1648 995 1684 esim
1014 1647 1208 1696 intrasset«,
1227 1648 1471 1698 procumbere

119 1723 186 1747 suo
206 1723 310 1748 more
328 1715 560 1760 paterentur.
617 1710 673 1749 Et
701 1710 816 1761 paulo
835 1715 934 1761 post,
955 1710 1100 1762 ²⁶quasi
1130 1711 1280 1761 potiora
1297 1711 1470 1762 quaedam

120 1773 276 1824 egisset,
297 1774 511 1812 convivium
530 1774 683 1824 repetit.
742 1773 866 1819 Quem
894 1774 1161 1812 venerantibus
1195 1775 1337 1822 Persis,
1359 1775 1470 1825 Poly-

121 1849 289 1885 spereon,
309 1836 377 1887 qui
408 1836 574 1875 cubabat
594 1837 618 1854 ²⁷
636 1849 750 1886 super
783 1836 942 1887 Regem,
962 1849 1079 1873 unum
1100 1849 1147 1873 ex
1165 1835 1225 1873 his
1243 1842 1369 1874 mento
1388 1849 1470 1874 con-

119 1899 329 1950 tingentem
374 1899 532 1937 humum
576 1912 644 1949 per
686 1899 895 1937 ludibrium
931 1899 1045 1949 eoepit
1083 1899 1243 1948 hortari,
1279 1905 1324 1937 ut
1361 1900 1469 1938 velie·
1503 1917 1514 1922 ·

119 1963 286 2000 mentius
317 1963 357 2000 id
393 1967 565 2014 quateret
601 1962 649 2000 ad
678 1967 839 2000 terram:
879 1962 1082 2013 elicuitque
1118 1962 1215 2000 iram
1244 1963 1469 2013 Alexandri,

118 2039 231 2075 quam
261 2026 388 2063 ²⁸olim
421 2025 545 2063 animo
577 2038 710 2076 capere
742 2038 816 2063 non
845 2029 1003 2075 poterat.
1071 2025 1211 2076 Itaque
1243 2026 1341 2074 Rex,
1373 2027 1467 2065 “Tu

121 2089 287 2136 autem,'’
308 2089 445 2139 inquit,
467 2092 488 2110 “
502 2102 575 2126 non
595 2088 836 2127 veneraberis
856 2089 948 2126 me?
984 2088 1046 2126 An
1067 2089 1136 2126 tibi
1158 2089 1223 2127 uni
1243 2089 1348 2141 digni
1368 2090 1468 2128 vide·

119 2164 203 2188 mur
235 2164 316 2188 esse
346 2152 577 2189 ludibrio?⁷’
635 2151 709 2190 Ille
729 2153 836 2189 ”nee
868 2152 1013 2203 Regem
1044 2152 1221 2201 ludibrio,
1242 2165 1309 2191 nec
1329 2166 1368 2191 se
1386 2167 1466 2191 con·

120 2219 266 2263 [emptu
300 2214 456 2265 dignum
489 2228 569 2253 esse
602 2215 806 2264 respondit.
866 2215 965 2252 Tum
1002 2215 1212 2253 detractum
1249 2229 1333 2253 eum
1370 2216 1466 2254 leetc

120 2276 205 2313 Rex
243 2277 456 2326 praeoipitat
494 2277 532 2314 in
571 2282 720 2315 terram.
802 2277 853 2314 Et
892 2279 980 2315 cum
1014 2278 1046 2315 is
1080 2291 1222 2328 pronus
1250 2278 1466 2327 corruisset,

118 2342 138 2359 ‘²'
159 2338 360 2387 Videsne‚”
382 2340 516 2390 inquit,
538 2343 559 2361 ‘⁸
576 2340 674 2377 idem
711 2346 746 2377 te
780 2341 922 2389 fet-isso,
942 2341 1044 2391 quod
1076 2341 1114 2378 in
1143 2341 1218 2379 alio
1247 2341 1358 2391 paul&
1377 2342 1465 2378 anto

118 2401 265 2439 ridebas
281 2402 298 2439 ?
312 2403 333 2421 ’'
390 2402 444 2440 Et
475 2403 575 2439 tradi
608 2416 650 2439 eo
672 2403 707 2439 in
728 2403 940 2441 custodiam
965 2405 1085 2453 jusso,
1106 2403 1319 2443 convivium
1339 2402 1458 2441 solvit.

118 2465 406 2515 l‘olysperconti
426 2465 575 2516 quidem
597 2469 740 2516 posted,
762 2467 948 2517 castigato
969 2467 1047 2514 diu,
1069 2467 1225 2519 ignovit.
