1583 2680
129 142 199 178 186
585 154 770 186 QUINTI
808 154 992 179 cunrn

122 245 292 284 bundum
323 257 456 296 agmen
486 245 690 296 ferebatur,
719 245 906 297 multique
925 246 1035 297 prius
1064 251 1171 284 metu
1189 248 1305 298 quam
1332 247 1460 286 labore

122 309 335 359 defatigati,
369 313 657 359 prostraverant
690 309 797 347 humi
829 322 996 360 corpora,
1030 309 1267 361 ⁴¹quanquam
1301 311 1460 349 imbrem

120 372 179 409 vis
199 372 352 422 frigoris
372 378 548 410 concreto
568 372 657 423 gelu
671 372 915 410 astrinxerat.
972 372 1057 410 Alii
1077 386 1117 411 se
1137 373 1334 423 stipitibus
1355 373 1457 411 arbe·-

121 448 204 472 rum
242 435 510 474 admoverant:
559 435 600 472 id
645 435 821 486 plurimis
867 436 1141 474 adminiculum
1179 441 1218 474 et
1255 436 1462 487 suffugium

120 503 213 535 erat.
288 498 395 535 ⁵Nec
433 498 592 537 fallebat
629 499 883 549 ipsosmorti
919 499 1046 537 locum
1083 499 1235 551 eligere,
1272 500 1361 536 cum
1397 499 1464 535 im-

119 561 279 599 mobiles
298 561 428 599 vitalis
459 561 561 601 calor
590 561 792 613 linqueret.
851 562 929 601 Sed
958 567 1070 613 grata
1089 567 1171 601 erat
1200 562 1359 613 pigritia
1386 574 1462 598 eor-

120 637 252 674 porum
272 625 458 676 fatigatiS,
479 638 548 663 nec
566 625 793 663 recusabant
812 625 986 676 extingui
1013 626 1253 677 quiescendo.
1312 624 1464 674 Quippe

119 700 194 724 non
213 687 415 725 vehemens
445 688 570 736 modo,
592 688 660 725 sed
680 688 797 726 etiam
817 689 829 706 ⁰
842 688 1021 738 pertinax
1039 688 1098 726 vis
1126 688 1218 726 mali
1250 687 1464 735 insistebat,

119 750 354 801 ⁷lueemque,
374 750 548 787 naturale
580 750 770 798 solatium,
791 755 933 800 praeter
963 754 1230 801 tempestatem
1261 749 1363 788 haud
1391 749 1463 786 dis-

120 826 248 862 parem
266 813 382 860 noeti,
404 812 599 862 sylvarum
618 825 769 863 quoque
788 812 925 850 umbra
944 818 1218 865 suppresserat.

204 878 259 912 15.
291 875 380 912 Rex
409 887 508 912 unus
538 875 637 912 tanti
655 875 748 912 mali
776 875 938 926 patiens,
967 876 1167 914 circumire
1193 876 1350 926 milites,
1382 887 1466 913 con-

121 938 270 975 trahere
292 938 498 988 dispersos,
518 937 686 976 allevare
712 943 938 988 prostratos,
959 939 1160 977 ostendere
1186 939 1320 990 procul
1339 938 1465 977 evolu-

121 1005 203 1038 tum
223 1014 271 1038 ex
301 1001 469 1052 tuguriis
498 1001 657 1050 fumum,
688 1001 921 1053 hortarique,
941 1006 985 1039 ut
1014 1003 1186 1053 proxima
1203 1016 1364 1054 quaeque
1391 1004 1466 1042 suf-

121 1064 225 1115 fugia
244 1069 480 1114 occuparent.
537 1063 550 1081 ‘³
567 1063 650 1102 Nec
669 1064 750 1102 ulla
763 1077 826 1103 res
845 1066 967 1116 magis
987 1065 1104 1103 saluti
1122 1066 1210 1114 fuit,
1228 1067 1344 1117 quam
1363 1066 1466 1117 qued

121 1127 378 1177 multiplicato
408 1127 538 1166 labore
572 1128 822 1166 sufficientem
851 1128 975 1178 malis,
995 1128 1133 1179 quibus
1164 1128 1239 1179 ipsi
1260 1135 1465 1176 cesserant,

122 1190 270 1241 Regem
291 1189 467 1228 deserere
487 1190 770 1229 erubescebant.
814 1190 1011 1229 Caeterum
1031 1191 1216 1229 efficacior
1234 1191 1274 1229 in
1294 1192 1466 1231 adversis

122 1253 342 1300 necessitas,
363 1253 479 1303 quam
507 1253 619 1301 ratio,
640 1253 796 1304 frigoris
827 1254 1038 1291 remedium
1070 1254 1228 1292 invenit.
1286 1255 1467 1293 Dolabris

123 1316 223 1353 enim
243 1315 370 1365 sylvas
390 1320 559 1353 sternere
579 1316 760 1367 aggressi,
780 1319 925 1367 passim
945 1330 1098 1355 acervos
1119 1323 1319 1369 struesque
1340 1331 1467 1356 accen-

124 1380 274 1417 derunt.
335 1378 558 1417 Continenti
587 1379 762 1417 incendio
798 1379 934 1417 ardere
963 1380 1140 1418 crederes
1170 1381 1323 1429 saltum,
1345 1386 1384 1418 et
1402 1381 1468 1419 vix

123 1444 223 1480 inter
242 1442 410 1479 flammas
431 1442 644 1492 agminibus
659 1442 837 1480 relietum
856 1442 992 1480 locum.
1052 1444 1131 1481 Hic
1151 1443 1254 1482 calor
1274 1445 1470 1494 stupentia

124 1506 293 1544 membra
324 1505 568 1553 ⁰comm0vit,
599 1505 864 1557 paulatimque
892 1506 1063 1556 spiritus,
1083 1520 1196 1558 quem
1229 1508 1471 1546 continuerat

127 1571 150 1588 ¹⁰
165 1571 277 1620 rigor,
298 1581 424 1606 meare
449 1568 572 1606 libere
606 1569 731 1619 coepit.
790 1569 992 1620 Excepere
1025 1570 1122 1608 alios
1151 1575 1255 1608 tecta
1283 1571 1472 1610 Barbaro-

125 1646 220 1681 rum,
253 1645 339 1683 quae
371 1632 411 1669 in
444 1631 582 1670 ultimo
614 1632 716 1670 saltu
743 1632 874 1670 abdita
910 1634 1118 1671 necessitas
1149 1633 1469 1686 investigaverat3

126 1697 221 1734 alios
241 1701 378 1745 castra,
398 1709 484 1747 quae
514 1695 554 1733 in
584 1696 741 1734 humido
761 1696 932 1748 quidem,
954 1697 1021 1735 sed
1045 1699 1126 1747 jam
1146 1698 1231 1737 eoeli
1251 1698 1472 1736 mitescente

127 1760 286 1808 swina,
320 1759 552 1798 locaverunt.
612 1760 723 1798 Mille
756 1760 924 1798 militum
955 1765 1070 1812 atque
1098 1761 1263 1799 lixarum
1283 1761 1471 1799 calonum-

127 1838 200 1876 que
222 1825 246 1842 ¹¹
263 1823 386 1874 pestis
407 1823 476 1860 illa
495 1824 743 1874 consumpsit.
785 1824 984 1862 Memoriae
999 1824 1194 1874 proditum
1215 1829 1274 1862 est
1289 1825 1473 1876 quosdam

129 1887 340 1938 applicatos
374 1887 551 1926 arborum
582 1887 738 1934 truncis,
761 1891 800 1924 et
826 1899 901 1924 non
931 1887 1058 1924 solnm
1086 1887 1317 1935 viventibus,
1341 1888 1407 1925 sed
1436 1893 1475 1926 et

130 1952 229 1988 inter
261 1963 300 1988 se
331 1949 638 2001 colloquentibus
659 1949 804 1987 similes
839 1963 922 1987 esse
944 1955 1188 2000 conspectos,
1221 1951 1380 1989 durante
1411 1951 1474 1989 ad-

131 2015 204 2051 huc
235 2014 418 2062 ¹²habitu,
450 2014 490 2050 in
520 2026 595 2064 quo
615 2026 717 2051 mors
747 2026 934 2064 quemque
968 2013 1282 2063 deprehenderat.
1354 2014 1475 2053 Forte>

135 2077 295 2114 Macedo
315 2076 511 2127 gregarius
543 2076 666 2124 miles,
688 2089 804 2127 seque
835 2081 874 2114 et
906 2089 1010 2114 arma
1031 2076 1054 2094 ¹³
1071 2082 1300 2126 sustentans,
1322 2078 1477 2116 tandem

134 2141 172 2177 in
204 2145 329 2177 castra
362 2144 601 2190 pervenerat.
660 2139 744 2184 Quo
775 2140 869 2187 viso,
900 2139 1000 2188 Rex,
1031 2153 1247 2191 quanquam
1275 2141 1356 2192 ipse
1386 2147 1478 2178 tunc

134 2203 297 2240 maxime
331 2203 484 2240 admoto
516 2203 601 2253 igne
631 2202 827 2240 refovebat
857 2208 972 2251 artus,
1003 2217 1051 2241 ex
1085 2204 1181 2242 sella
1211 2208 1281 2243 sua
1309 2205 1478 2252 exsiluit,

136 2271 425 2316 torpentemque
470 2266 641 2313 militem,
680 2271 719 2303 et
756 2267 822 2304 vix
869 2272 1083 2317 compotem
1120 2268 1274 2315 mentis,
1313 2267 1479 2318 demptis

137 2329 263 2377 armis,
284 2329 321 2365 in
343 2331 412 2365 sua
433 2329 521 2366 sede
538 2329 656 2378 jussit
677 2330 884 2367 considere.
944 2330 1018 2368 Ille
1048 2330 1125 2378 diu,
1146 2343 1214 2368 nec
1234 2331 1300 2369 ubi
1318 2331 1480 2382 requies-

140 2398 255 2440 ceret,
287 2405 355 2429 nec
386 2406 408 2429 a
437 2405 512 2443 quo
545 2397 646 2430 esset
679 2399 870 2443 exceptus,
892 2393 1056 2444 agnovit.
1135 2393 1305 2432 Tandem
1333 2398 1482 2443 recepto

139 2456 262 2494 calore
284 2456 405 2504 vitali,
426 2461 470 2494 ut
491 2455 633 2506 regiam
657 2456 782 2494 sedem
806 2457 1025 2508 llegemque
1046 2457 1154 2508 vidit,
1171 2457 1328 2495 territus
1348 2455 1482 2507 surgit.
