1583 2680
388 176 549 202 mnan
591 175 712 200 V111.
758 175 869 201 car.
911 174 1018 199 xiv.
1300 164 1373 200 211

113 272 173 309 46.
203 269 296 309 Jam
329 269 497 320 undique
531 281 661 319 pugna
692 281 732 306 se
759 271 942 317 moverat,
969 267 1060 305 cum
1089 266 1128 315 ii,
1149 267 1216 318 qui
1243 279 1379 305 currus

32 333 208 385 agebant,
228 332 327 370 illud
345 332 525 370 ultimum
558 332 746 370 auxilium
778 344 933 369 suorum
951 331 1040 379 rati,
1061 330 1193 369 effusis
1220 331 1379 369 habenis

32 397 73 434 in
108 396 276 435 medium
317 395 522 450 discrimen
551 409 663 433 ruere
697 399 903 446 coeperunt.
975 394 1131 445 Anceps
1159 394 1200 432 id
1236 394 1378 432 malum

32 460 206 512 utrisque
239 464 330 498 erat.
401 459 503 497 Nam
539 463 578 496 et
607 458 863 496 Macedonum
890 457 1041 510 pedites
1078 458 1202 508 primo
1231 458 1380 508 impetu

33 523 318 570 obterebantur,
339 528 378 561 et
407 536 476 573 per
506 522 655 560 lubrica
675 527 793 573 atque
811 522 916 560 invia.
934 521 1096 559 immissi
1115 534 1251 559 currus
1271 535 1380 559 excu-

34 586 184 624 tiebant
203 599 279 634 eos,
300 599 323 624 a
341 586 481 637 quibus
513 585 755 636 regebantur.
813 585 992 624 Aliorum
1022 585 1171 623 turbati
1191 585 1279 637 equi
1306 598 1379 622 non

33 649 73 687 in
105 650 309 701 voragines
343 649 456 687 modo
489 649 732 700 lucanusque,
761 648 830 687 sed
863 649 980 687 etiam
1007 649 1048 687 in
1075 662 1225 687 amnem
1253 649 1380 699 praeci-

33 713 206 763 pitavere
226 712 423 750 curricula.
483 712 607 750 Pauci
639 717 768 750 tamen
799 711 968 750 hostium
1000 712 1090 751 telis
1118 712 1244 750 exacti
1274 724 1381 762 pene-

35 778 187 814 travere
207 775 255 813 ad
276 775 431 823 Porum,
452 775 635 813 acerrime
655 788 821 827 pugnam
850 775 1024 813 cientem.
1084 775 1139 823 Is,
1159 780 1205 813 ut
1224 775 1381 824 dissipa-

36 845 95 877 tos
133 842 218 877 tota¹
251 839 332 877 acic
365 852 500 876 currus
536 839 669 889 vagari
706 839 788 877 sine
815 839 1028 877 rectoribus
1057 839 1168 886 vidit,
1197 839 1382 889 proximis

35 903 242 941 amicorum
269 902 471 940 distribuit
498 901 732 953 elephantos.
802 902 901 940 Post
929 915 994 940 eos
1021 907 1204 952 posuerat
1232 887 1394 952 pedites¹

36 979 79 1003 ac
110 966 332 1016 sagittarios
366 970 549 1016 tympana
577 965 731 1016 pulsare
762 965 907 1003 solitos.
966 965 1017 1003 Id
1045 978 1114 1016 pro
1135 970 1251 1003 cantu
1278 965 1383 1003 tuba-

36 1042 121 1066 rum
152 1028 264 1066 Indis
293 1033 387 1066 erat.
444 1028 528 1066 Nec
549 1028 715 1078 strepitu
747 1040 878 1066 eorum
905 1027 1193 1076 ³movebantur‚
1215 1027 1307 1066 olim
1336 1027 1384 1065 ad

35 1097 171 1130 notum
190 1104 326 1129 sonum
344 1091 503 1129 auribus
515 1091 712 1142 mitigatis.
770 1091 955 1129 Herculis
976 1091 1222 1129 simulacrum
1242 1091 1385 1142 agmini

36 1155 210 1206 peditum
237 1154 534 1206 praeferebatur3
566 1154 607 1191 id
633 1154 842 1192 maximum
871 1159 956 1192 erat
991 1154 1226 1193 bellantibus
1255 1155 1384 1192 incita-

37 1223 233 1257 mentum:
262 1222 302 1256 et
320 1217 536 1255 deseruisse
563 1222 759 1268 gestantes
787 1217 957 1255 militare
985 1217 1178 1269 flagitium
1196 1217 1385 1256 ⁴habeba-

37 1288 112 1320 tur.
172 1280 320 1332 Capitis
350 1281 465 1319 etiam
495 1285 703 1319 sanxerant
734 1293 884 1332 poenam
913 1281 973 1329 iis,
1011 1281 1079 1332 qui
1115 1293 1165 1319 ex
1202 1281 1283 1318 acie
1310 1293 1386 1319 non

37 1345 282 1395 retulissent,
312 1349 430 1394 metu,
449 1358 563 1396 quem
581 1345 593 1362 ⁶
607 1357 656 1398 ei}
675 1344 744 1383 illo
763 1344 874 1382 hoste
902 1345 1093 1396 quondam
1121 1350 1385 1395 conceperant,

38 1409 153 1447 etiam
182 1409 224 1446 in
254 1408 478 1460 religionem
504 1409 864 1460 venerationemque
899 1420 1096 1447 converso.
1154 1408 1386 1446 Macedonas

38 1485 115 1510 non
132 1472 349 1511 belluarum
366 1472 492 1521 modo,
514 1472 583 1510 sed
610 1472 727 1510 etiam
745 1472 867 1522 ipsius
896 1471 1020 1523 Regis
1039 1476 1218 1523 aspectus
1236 1485 1386 1523 parum-

39 1549 108 1586 per
137 1535 316 1574 inhibuit.
374 1535 537 1584 Belluae,
570 1535 768 1586 dispositae
797 1535 899 1573 inter
918 1540 1095 1584 armatos,
1117 1536 1282 1586 speciem
1310 1540 1385 1573 tur-

40 1600 140 1637 rium
158 1599 293 1649 procul
310 1599 492 1638 fecerant.
559 1598 650 1649 Ipse
670 1598 797 1636 Porus
815 1598 992 1636 humanae
1009 1599 1285 1649 magnitudinis
1304 1611 1387 1649 pro·

40 1661 245 1712 pemodum
281 1666 498 1700 excesserat
533 1661 704 1699 formam.
777 1660 1040 1712 Magnitudini
1076 1661 1246 1711 adjicere
1283 1661 1386 1699 vide-

41 1725 154 1764 batur
181 1724 320 1773 bellua,
351 1727 429 1776 qua
458 1723 677 1773 vehebatur,
707 1729 858 1762 tantum
893 1724 992 1762 inter
1021 1729 1180 1762 caeteras
1208 1724 1388 1775 eminens,

39 1793 225 1840 quantum
247 1787 333 1825 aliis
353 1788 434 1838 ipse
453 1787 672 1838 praestabat.

120 1854 182 1890 47.
212 1851 352 1903 Itaque
373 1851 597 1889 Alexander
626 1850 907 1902 contemplatus
927 1856 967 1889 et
997 1851 1158 1903 Regem,
1187 1856 1227 1888 et
1255 1864 1387 1902 agmen

42 1914 241 1963 Indorum,
281 1914 532 1963 “Tandem‚”
570 1915 708 1966 inquit,
747 1917 854 1966 “par
890 1915 1016 1953 animo
1054 1927 1138 1952 meo
1175 1915 1387 1965 periculum

41 1978 165 2016 video.
224 1977 323 2017 Cum
341 1978 476 2017 bestiis
497 1978 613 2016 simul
628 1983 668 2016 et
686 1991 772 2016 cum
792 1979 956 2030 egregiis
974 1978 1069 2016 viris
1088 1991 1150 2016 res
1171 1978 1268 2016 est.’'
1326 1978 1387 2016 In·

42 2048 227 2093 tuensque
249 2041 421 2090 Coenum,
443 2043 463 2063 ‘⁶
482 2041 584 2081 Cum
603 2043 707 2092 ego,²’
739 2042 876 2092 inquit,
906 2044 928 2063 “
943 2041 1164 2091 Ptolcmaeo,
1185 2041 1387 2080 Perdicca-

42 2118 128 2156 que,
167 2110 207 2142 et
242 2105 520 2155 Hephaestione
556 2105 772 2153 comitatus,
810 2105 850 2142 in
885 2104 1025 2143 laevum
1062 2105 1231 2143 hostium
1268 2118 1386 2144 cornu

0 2191 12 2197 --
42 2169 230 2219 impetum
258 2168 396 2216 fecero,
426 2168 643 2219 viderisque
672 2181 733 2206 me
763 2168 802 2206 in
830 2167 959 2206 medio
989 2168 1125 2207 ardore
1153 2169 1385 2217 certaminis,

42 2233 124 2283 ipse
142 2231 154 2249 ⁶
167 2231 348 2269 dextrum
365 2244 486 2280 move,
505 2236 546 2269 et
575 2231 743 2270 turbatis
762 2231 871 2282 signa
896 2231 1005 2270 infer.
1064 2232 1136 2280 Tu,
1157 2232 1384 2283 Antigenes,

42 2301 83 2334 et
114 2300 158 2332 tu
187 2294 371 2343 Leonate,
402 2300 441 2332 ct
471 2294 637 2342 Tauron,
665 2294 898 2333 invehemini
925 2295 965 2334 in
992 2295 1157 2334 mediam
1185 2295 1316 2343 aciem,
1347 2301 1385 2333 et

40 2358 230 2409 urgebitis
258 2358 432 2396 frontem.
490 2358 629 2396 Hastae
654 2363 798 2397 nostrae
823 2359 1029 2410 praelongae
1055 2364 1095 2397 et
1122 2358 1261 2397 validae
1281 2360 1293 2376 ⁷
1309 2371 1384 2395 non

41 2421 140 2460 alias
166 2422 288 2473 magis
319 2423 436 2474 quam
469 2422 652 2460 adversus
678 2422 838 2472 belluas,
865 2428 1108 2475 rectoresque
1137 2435 1267 2460 earum
1295 2421 1383 2459 usui

42 2499 125 2524 esse
152 2491 346 2537 poterunt.
405 2486 618 2525 Deturbate
638 2499 712 2534 008,
741 2487 806 2538 qui
837 2487 1041 2534 vehuntur,
1071 2491 1110 2524 et
1138 2485 1149 2502 ⁸
1166 2486 1267 2535 ipsas
1297 2497 1381 2521 con-

678 2545 727 2583 10
