1583 2680
159 109 231 145 100
619 120 802 152 QUINTI
839 119 1025 144 cvn‘rn

147 212 242 251 finis.
317 213 359 252 Si
389 212 452 250 hic
480 212 667 261 ‘'animus,
698 213 731 250 si
762 212 844 250 haee
873 212 948 260 lex,
967 211 1067 248 nulli
1095 224 1172 249 non
1200 216 1309 262 parta
1337 211 1495 251 libertas

149 282 230 315 est:
271 289 380 315 nemo
427 290 447 314 e
475 276 585 316 vobis
634 276 832 313 fastidium
883 274 1149 323 Macedonum,
1186 287 1296 314 nemo
1348 276 1496 314 vultum

148 341 355 391 superbum
373 341 473 378 ferre
493 344 656 391 cogetur.
741 339 819 377 Sua
838 338 972 389 cuique
992 338 1128 376 dextra
1148 343 1216 376 aut
1233 338 1418 377 ultionem
1436 343 1496 377 tot

146 404 333 442 malorum
351 405 486 454 pariet,
507 407 573 441 aut
591 404 711 441 finem.
770 402 962 453 Equidem
989 403 1104 453 quam
1124 402 1316 441 versatilis
1342 403 1496 440 fortuna

146 467 210 516 sit,
230 468 498 505 documentum
530 467 610 516 ipse
639 479 732 504 sum.
817 465 938 503 1‘’Nee
968 465 1161 503 immerito
1191 466 1364 503 mitiores
1394 466 1495 504 vices

146 533 228 581 ejus
247 535 434 582 exspecto.
510 530 586 569 Sed
605 530 637 568 si
654 531 760 579 justa
780 542 822 566 ae
842 528 906 579 pia
924 528 1027 567 bella
1046 528 1114 566 Dii
1132 534 1368 578 aversantur,
1387 521 1494 567 forti-

148 595 216 634 bus
234 599 362 632 tamen
380 593 474 632 viris
492 593 622 631 licebit
640 593 798 630 honeste
819 593 926 630 mori.
983 592 1062 629 Per
1090 605 1158 643 ego
1177 605 1246 631 vos
1266 593 1402 631 decora
1418 606 1494 630 ma-

142 659 282 707 jorum,
302 657 368 708 qui
386 657 506 694 totius
529 655 703 695 Orientis
722 667 838 706 regna
856 668 942 692 eum
967 655 1210 694 memorabili
1227 655 1339 693 laude
1366 661 1494 693 tenue·

145 726 256 770 runt3
287 734 354 771 per
373 720 461 757 illos
479 719 593 768 viros,
613 719 753 770 quibus
786 718 1019 768 stipendium
1051 719 1276 757 Macedonia
1304 719 1494 770 quondam

147 784 258 833 tulit3
290 797 357 834 per
377 787 435 820 tot
452 783 607 821 navium
625 782 775 830 classes,
796 782 836 818 in
855 780 1045 820 Graeciam
1064 782 1200 820 missas
1216 795 1224 831 3
1253 795 1321 832 per
1341 787 1400 820 tot
1419 788 1493 820 tro-

143 861 225 897 paea
257 847 420 897 Regum,
439 858 504 884 oro
534 849 574 883 et
603 845 785 893 obtestor,
817 849 864 882 ut
899 845 1101 884 nobilitate
1129 849 1260 885 vestra
1296 846 1494 897 gentisque

143 910 277 961 dignos
297 909 454 960 spiritus
485 907 655 959 capiatis,
675 913 720 946 ut
751 908 889 946 eadem
920 909 1136 946 constantia
1165 909 1388 958 animorum,
1417 913 1493 960 qua

142 973 339 1024 praeterita
356 972 566 1020 tolerastis,
587 971 839 1022 experiamini
856 971 1045 1023 quidquid
1076 972 1211 1010 deinde
1244 985 1326 1010 sors
1346 973 1491 1011 tulerit.

143 1037 208 1074 Me
227 1037 329 1074 certe
358 1036 400 1073 in
428 1039 667 1086 perpetuum,
696 1040 763 1072 aut
792 1035 954 1074 victoria
985 1036 1138 1088 egregia
1166 1037 1396 1086 nobilitabit,
1425 1041 1492 1074 aut

142 1100 308 1151 pugna.’'

221 1162 296 1200 IX.
327 1165 386 1200 25.
417 1161 515 1200 Haee
535 1160 684 1199 dicente
704 1160 835 1209 Dario,
855 1161 1053 1211 praesentis
1072 1161 1231 1211 periculi
1252 1161 1394 1212 speeies
1414 1175 1487 1200 om·

139 1226 246 1263 nium
273 1224 388 1263 simul
416 1224 529 1262 corda
557 1224 780 1274 animosque
808 1223 964 1261 horrore
997 1225 1296 1274 perstrinxerat:
1325 1238 1394 1263 nec
1422 1229 1490 1264 aut

139 1289 339 1327 eonsilium
367 1287 602 1338 suppetebat,
632 1291 698 1324 aut
717 1299 811 1336 vox3
843 1288 931 1324 cum
958 1287 1176 1325 Artabazus
1203 1288 1488 1327 vetustissimus

139 1352 354 1400 amicorum,
370 1364 481 1402 quem
494 1350 682 1401 hospitem
695 1350 813 1388 fuisse
829 1350 1003 1401 Philippi
1024 1352 1032 1368 ¹
1049 1353 1149 1402 saepe
1166 1351 1343 1401 diximus,
1365 1355 1387 1374 “
1403 1351 1441 1390 N
1445 1365 1488 1391 os

139 1416 266 1464 vero,’'
286 1414 422 1466 inquit,
445 1417 466 1436 “
481 1413 799 1464 pretiosissimam
817 1419 963 1452 vestem
981 1414 1119 1463 induti,
1140 1415 1328 1466 armisque
1345 1420 1488 1466 quanto

137 1478 301 1516 maximo
331 1478 438 1515 cultu
466 1489 665 1528 possumus
695 1476 883 1525 adornati,
904 1477 1050 1528 Regem
1069 1477 1109 1514 in
1129 1478 1248 1515 aciem
1277 1491 1485 1529 sequemur.

139 1542 199 1580 Ea
218 1541 372 1592 quidem
389 1545 528 1588 mente,
548 1539 749 1578 victoriam
765 1544 811 1577 ut
839 1551 1045 1589 speremus,
1064 1545 1223 1577 mortem
1242 1553 1316 1578 non
1343 1553 1487 1580 recuse-

137 1605 256 1643 mus.”
312 1604 485 1642 Assensu
504 1604 686 1653 excepere
714 1602 843 1641 caeteri
871 1602 967 1640 hane
994 1616 1134 1641 vocem.
1219 1603 1295 1643 Sed
1313 1604 1486 1643 ²Nabar-

137 1681 256 1716 zanes,
277 1667 344 1718 qui
374 1666 414 1704 in
444 1666 576 1704 eodem
607 1665 763 1703 consilio
797 1670 891 1714 erat,
912 1678 998 1703 cum
1030 1665 1152 1704 Besso
1177 1667 1342 1705 inauditi
1375 1673 1487 1706 antea.

135 1731 315 1769 facinoris
336 1730 518 1768 societate
538 1729 648 1777 inita,
670 1729 816 1780 Regem
836 1742 947 1766 suum
966 1743 1033 1779 per
1048 1729 1201 1778 milites,
1216 1731 1354 1781 quibus
1374 1731 1484 1770 ambo

136 1799 336 1846 praeerant,
369 1792 687 1844 comprehendere
715 1797 755 1829 et
773 1792 915 1830 vincire
947 1792 1217 1842 decreverant3
1249 1794 1317 1831 “ezi
1347 1800 1483 1843 mente,

136 1864 180 1896 ut
199 1859 231 1896 si
252 1857 471 1896 Alexander
489 1856 594 1906 ipsos
613 1855 808 1893 insecutus
826 1855 934 1903 foret,
953 1855 1097 1893 tradito
1118 1856 1224 1907 Rege
1237 1856 1324 1895 vivo
1342 1857 1485 1896 inirent

135 1923 296 1972 gratiam
315 1920 485 1968 victoris,
506 1921 516 1936 ⁴
530 1918 658 1970 magni
676 1919 846 1969 profecto
877 1918 1020 1968 cepisse
1051 1919 1212 1957 Darium
1243 1920 1480 1960 aestimaturi.

135 1985 203 2022 Sin
224 1990 351 2022 autem
380 1997 466 2022 eum
497 1983 660 2034 effugere
689 1981 917 2032 potuissent,
939 1982 1135 2034 interfecto
1165 1983 1296 2031 Dario,
1325 1997 1481 2036 regnum

134 2047 209 2085 sibi
228 2052 466 2097 occuparent,
487 2047 702 2098 bellumque
722 2051 954 2084 renovarent.
1026 2046 1111 2084 IIoc
1131 2047 1379 2097 parricidium
1399 2051 1480 2086 eum

135 2111 203 2149 dia
234 2111 484 2159 volutassent,
505 2109 745 2147 Nabarzanes
766 2109 938 2146 ⁶aditum
957 2110 1114 2148 nofariae
1143 2111 1223 2161 spei
1251 2125 1479 2162 praeparans,

135 2178 156 2196 “
174 2174 259 2213 Scio
279 2174 373 2221 me,’'
405 2173 539 2224 inquit,
572 2173 833 2211 “sententiam
863 2186 944 2211 esse
976 2173 1169 2211 dicturum
1199 2175 1322 2225 prima
1356 2176 1479 2226 speeie

133 2238 420 2289 haudquaquam
455 2237 612 2274 auribus
644 2236 722 2274 tuis
752 2242 923 2287 gratam:
964 2238 1029 2274 sed
1059 2238 1194 2275 medici
1223 2251 1371 2290 quoque
1400 2254 1479 2291 gra-

133 2302 256 2339 viores
269 2300 415 2338 morbos
435 2300 578 2350 asperis
597 2299 775 2337 remediis
795 2306 929 2337 curant
952 2314 959 2337 :
990 2306 1027 2337 ct-
1045 2301 1288 2351 gubernator,
1307 2302 1374 2341 ubi
1393 2316 1480 2340 nau-

132 2365 295 2417 fragium
315 2364 434 2411 timot,
466 2365 630 2412 jactura,
649 2363 835 2414 quidquid
856 2364 996 2401 servari
1031 2370 1167 2414 potest,
1188 2365 1348 2403 redimit.
1396 2366 1480 2417 Ego

134 2434 272 2477 tamen,
293 2441 364 2466 uon
396 2433 437 2465 ut.
465 2427 645 2465 damnum
675 2427 827 2477 «pridem
861 2428 988 2476 facias,
1010 2429 1173 2477 suadeo,
1207 2429 1274 2466 scd
1294 2434 1407 2478 utto,
1437 2445 1479 2468 :w
