1583 2680
82 166 108 203 8
530 177 724 207 QUINTI
771 178 966 204 cunrrn

79 268 270 306 vinculum
308 268 525 318 solvisset,⁷'
562 270 695 320 cupido
733 270 889 308 incessit
923 270 1047 308 animo
1086 270 1200 309 sortis
1236 272 1317 321 ejus
1354 271 1421 308 im-

77 331 237 382 plendae.

159 397 193 433 3.
225 393 337 433 Circa
363 394 509 445 Regem
535 399 616 432 erat
647 399 685 433 et
709 395 908 446 Phrygum
937 396 1061 444 turba,
1095 401 1133 434 et
1160 396 1425 444 Macedonum,

78 457 147 494 illa
171 457 433 508 expectatione
472 470 666 508 suspensa,
693 458 772 496 haec
804 458 969 496 sollicita
999 472 1046 497 ex
1070 460 1277 498 temeraria
1306 459 1427 510 Regis
1456 500 1459 503 ,

77 519 237 557 fiducia:
259 520 435 571 ”quippe
466 521 603 558 seriem
634 521 873 559 vinculorum
905 521 962 560 ita
994 521 1228 571 adstrictam,
1257 527 1302 560 ut
1328 521 1428 559 unde

78 595 199 619 nexus
217 582 414 634 inciperet,
433 596 555 634 quove
575 597 615 622 se
644 584 834 632 conderet,
857 597 926 622 nec
952 584 1115 634 ratione,
1141 598 1210 623 nec
1234 585 1323 625 visu
1345 597 1427 635 per·

80 644 155 694 cipi
173 649 314 695 posset,
335 645 480 684 solvere
495 659 698 700 aggressus
717 647 900 697 injecerat
918 658 1062 696 euram,
1090 660 1137 685 ne
1155 648 1196 685 in
1216 660 1328 686 omen
1346 659 1428 685 ver-

79 711 228 744 teretur
239 707 394 745 irritum
407 707 625 758 incoeptum.
681 709 756 748 Ille
776 710 800 730 ¹³
811 723 1046 761 nequaquam
1070 710 1138 748 diu
1158 710 1329 748 luctatus
1342 723 1428 748 cum

79 769 288 809 latentibus
305 770 431 820 nodis,
452 771 632 821 “Nihil,”
652 772 790 824 inquit,
812 775 834 794 “
847 773 1008 810 interest
1020 774 1205 824 quomodo
1221 773 1427 822 solvatur,”

79 832 284 883 gladioque
308 834 431 883 ruptis
454 834 628 872 omnibus
658 834 764 883 loris,
794 835 938 873 oraculi
965 840 1107 873 sortem
1130 836 1193 874 vel
1218 836 1346 885 elusit,
1367 836 1430 874 vel

79 894 260 945 implevit.
332 895 434 934 Cam
464 896 601 934 deinde
638 896 811 946 Darium,
848 897 1074 949 ubicumque
1103 903 1212 947 esset,
1245 911 1429 949 occupare

79 958 288 1006 statuisset,
306 963 349 996 ut
369 971 391 996 a
409 962 516 1010 tergo
540 959 565 979 ¹⁴
577 963 663 997 tuta
680 960 923 1011 relinqueret,
950 961 1228 1011 Amphoterum
1248 962 1362 1000 classi
1381 962 1430 1000 ad

79 1033 184 1058 oram
202 1021 458 1071 Hellesponti,
478 1021 596 1072 copiis
616 1026 744 1060 autem
762 1023 935 1072 praefecit
955 1022 1232 1074 Hegelochum,
1248 1023 1428 1073 Lesbum,

79 1087 118 1119 et
137 1081 289 1131 Chium,
309 1087 347 1121 et
376 1082 468 1131 Con,
493 1084 684 1133 praesidiis
702 1084 870 1122 hostium
890 1085 1168 1124 ¹⁵liberaturos.
1225 1086 1304 1124 His
1323 1088 1347 1107 ¹⁶
1361 1087 1429 1124 tal-

79 1148 167 1182 enta
186 1145 235 1182 ad
253 1145 347 1183 belli
364 1158 475 1183 usum
492 1145 699 1197 quingenta
718 1146 924 1185 attributa:
955 1147 1003 1184 acl
1022 1147 1285 1198 Antipatrum,
1310 1154 1348 1186 et
1368 1163 1429 1188 eos

82 1207 148 1258 qui
169 1207 321 1247 Graeeas
339 1208 454 1247 urbes
473 1209 691 1257 tuebantur,
710 1215 889 1248 sexcenta
916 1210 1056 1249 missa:
1087 1223 1134 1249 ex
1153 1211 1294 1250 foedere
1313 1226 1428 1251 naves

80 1270 191 1308 sociis
227 1270 433 1321 imperatae,
470 1285 555 1322 quae
598 1271 851 1323 Hellesponto
900 1273 1191 1323 ¹⁷praesiderent.
1247 1274 1428 1314 Nondum

80 1333 181 1370 enim
211 1333 452 1372 Memnonem
470 1336 553 1373 vita
586 1336 791 1373 excessisse
821 1341 1060 1387 cognoverat,
1088 1337 1129 1375 in
1159 1350 1271 1388 quem
1298 1350 1428 1376 omnes

80 1396 298 1434 intenderat
331 1410 464 1448 curas;
512 1398 610 1436 satis
643 1411 797 1449 gnarus,
830 1404 966 1437 cuncta
998 1399 1037 1437 in
1068 1400 1244 1450 expedito
1274 1401 1368 1452 fore,
1396 1403 1429 1441 si

79 1459 177 1496 nihil
195 1459 242 1497 ab
271 1473 314 1498 eo
344 1466 568 1500 moveretur.
626 1461 790 1513 Jamque
818 1462 868 1500 ad
895 1463 1028 1501 urbem
1055 1463 1254 1514 Aneyram
1272 1469 1428 1503 ventum

80 1526 174 1570 erat,
193 1523 259 1561 ubi
278 1536 433 1562 numero
462 1525 652 1575 copiarum
672 1524 779 1574 inito,
811 1525 1110 1577 Paphlagoniam
1137 1526 1266 1565 intrat.
1325 1528 1429 1566 Huic

87 1586 210 1634 juncti
239 1591 347 1624 erant
378 1588 533 1636 Heneti,
553 1588 654 1626 unde
684 1588 839 1639 quidam
860 1589 1034 1627 Venetos
1062 1589 1216 1628 trahere
1245 1591 1429 1642 originem

80 1648 265 1687 credunt:
305 1650 426 1688 omnis
456 1650 536 1688 haec
565 1651 669 1702 regio
699 1651 827 1701 paruit
859 1651 971 1703 Regi,
1010 1651 1183 1704 datisque
1219 1653 1428 1703 obsidibus,

81 1711 266 1749 tributum
283 1713 398 1764 (quod
415 1726 462 1751 ne
477 1714 609 1752 Persis
623 1714 777 1765 quidem
795 1714 990 1767 tulissent)
1011 1715 1176 1765 pendere
1193 1729 1240 1753 ne
1253 1729 1428 1768 cogeren-

82 1779 153 1823 tur,
175 1775 479 1825 impctraverunt.
538 1776 651 1815 Calas
670 1777 758 1814 huic
786 1777 932 1828 regioni
958 1779 1182 1828 praepositus
1203 1784 1271 1818 est.
1327 1780 1426 1830 Ipse,

81 1838 294 1887 assumptis,
315 1839 381 1889 qui
408 1852 456 1876 ex
485 1839 713 1877 Macedonia
741 1853 861 1889 nuper
888 1840 1128 1889 advenerant,
1151 1841 1424 1892 Cappadociam

80 1901 206 1950 petiit.

161 1963 218 2000 II.
251 1966 283 2000 4.
316 1965 373 2001 At
394 1964 547 2012 Darius,
576 1966 757 2003 nunciat-:1
787 1966 1002 2004 Memnonis
1031 1972 1165 2014 morte,
1187 1967 1290 2005 haud
1319 1973 1426 2006 secus

81 2028 198 2077 quam
226 2041 294 2077 par
315 2033 407 2076 erat,
430 2033 569 2076 motus,
590 2030 734 2067 omissa
755 2030 856 2067 omni
887 2030 963 2067 alia
983 2043 1060 2080 spe,
1083 2032 1091 2048 ¹
1107 2031 1246 2068 statuit
1264 2032 1345 2082 ipse
1365 2033 1424 2071 de-

83 2104 248 2138 cernere,
269 2091 409 2141 quippe
429 2105 514 2142 quae
534 2105 602 2142 per
623 2092 738 2130 duces
759 2106 848 2130 suos
869 2098 953 2130 acta
977 2098 1095 2140 erant,
1117 2100 1255 2132 cuncta
1275 2095 1423 2133 damna-

83 2153 168 2202 bat3
199 2158 318 2201 ratus,
339 2154 515 2204 pluribus
536 2168 676 2203 euram,
697 2156 872 2193 omnibus
894 2156 1063 2194 abfuisse
1084 2157 1288 2196 fortunam.
1347 2159 1423 2210 Igi-

84 2223 145 2254 tur
165 2217 300 2254 castris
320 2217 368 2254 ad
402 2217 640 2267 Babylonem
672 2219 820 2269 positis,
841 2220 917 2270 quo
938 2221 1080 2269 majore
1112 2221 1237 2258 auimo
1258 2235 1423 2272 capesse-

85 2285 169 2317 rent
188 2279 340 2330 bellum,
359 2280 559 2318 universas
579 2281 678 2318 viros
699 2283 738 2318 in
758 2287 1000 2331 conspectum
1022 2282 1150 2331 dedit-3
1181 2289 1221 2321 et
1240 2285 1251 2302 ²
1268 2285 1423 2323 circum-

84 2343 173 2380 dato
193 2343 306 2391 vallo,
326 2343 427 2394 quod
449 2343 578 2381 decem
604 2344 769 2382 millium
798 2350 1031 2382 armatorum
1060 2346 1346 2386 multitudinem
1367 2362 1424 2386 ca-

83 2412 201 2455 peret,
225 2406 371 2444 Xerxis
400 2406 585 2457 exemp10‚
606 2420 807 2445 numerum
838 2412 1031 2458 copiarum
1064 2409 1161 2447 iniit.
1223 2411 1322 2450 Orto
1343 2412 1423 2450 sole

85 2470 129 2506 aul
164 2475 310 2508 noctem
345 2471 505 2521 agmina,
526 2470 626 2508 sicut
661 2471 852 2521 descripta
885 2478 1005 2519 eraut,
1037 2472 1227 2512 intravere
1263 2475 1417 2513 vallum,
