1583 2680
138 128 188 164 36
599 136 780 166 QUINTI
817 135 1002 161 cuna-11

137 229 296 278 Pelusii,
319 228 531 279 Memphim
551 229 678 278 copias
697 228 909 278 promovit:
939 227 988 264 ad
1007 228 1116 277 cujus
1130 227 1267 264 samam
1282 226 1472 277 AEgyptii,

135 305 233 330 vana
263 305 369 342 gens,
392 296 430 328 et
448 291 633 329 novandis
666 291 781 341 quam
812 289 989 340 gerendis
1021 290 1146 339 aptior
1173 289 1298 338 rebus,
1319 303 1367 328 ex
1394 290 1473 327 suis

135 355 298 406 quisque
317 355 411 392 vicis
444 353 677 403 urbibusque
697 352 802 403 ⁴⁰[ad
821 352 892 389 hoc
919 352 1062 402 ipsum]
1083 357 1324 400 concurrunt,
1344 352 1393 390 ad
1413 353 1472 389 de·

136 418 250 455 lenda
277 417 456 468 praesidia
483 416 713 453 Persarum:
743 415 810 466 qui
828 415 969 462 territi,
989 419 1117 452 tamen
1145 428 1250 465 spem
1282 415 1472 452 retinendi

138 480 356 531 AEgyptum
383 492 458 516 non
477 479 697 515 amiserunt.
756 477 834 516 Sed
862 490 926 515 eos
946 478 1151 528 Amyntas,
1171 478 1303 528 praelio
1323 491 1472 528 supera-

135 548 206 591 tos,
227 543 267 580 in
285 542 420 581 urbem
440 541 645 591 compellit,
664 541 689 558 ⁴¹
702 540 914 591 castrisque
941 540 1087 591 positis,
1108 541 1270 579 victores
1291 541 1340 578 ad
1358 554 1471 591 popu-

135 605 269 643 landos
282 618 403 654 agros,
416 604 522 642 velut
534 604 574 640 in
586 603 710 641 medio
723 603 859 654 positis
871 603 1041 641 hostium
1053 604 1213 651 cunctis,
1222 603 1469 654 vagabantur.

137 669 273 719 Itaque
308 668 492 715 Mazaces,
526 667 746 717 quanquam
781 666 927 704 infelici
962 666 1095 716 praelio
1133 679 1290 704 suorum
1327 666 1472 704 animos

135 732 288 768 territos
317 744 399 768 esse
427 735 666 780 cognoverat,
685 735 813 767 tamen
840 729 1012 780 palantes
1038 734 1076 767 et
1093 729 1305 767 ⁴²victoriae
1331 729 1473 766 fiducia

135 795 308 831 incautos
337 799 543 841 ostentans,
563 793 745 843 perpulit,
764 806 813 830 ne
833 793 1055 831 dubitarent
1074 805 1122 829 ex
1141 792 1234 830 urbe
1262 805 1472 842 erumpere,

135 862 173 895 et
192 871 253 894 res
274 858 432 894 amissas
460 869 695 907 recuperare.
753 856 804 894 Id
823 856 1025 894 consilium
1043 868 1119 892 non
1137 855 1285 893 ratione
1312 856 1472 905 pruden-

137 921 224 968 tius,
245 921 361 971 quam
389 930 529 958 eventu
555 920 702 957 felicius
731 919 817 957 fuit.
876 919 944 957 Ad
962 932 1082 956 unum
1115 931 1243 956 omnes
1276 931 1362 956 cum
1389 918 1472 968 ipso

135 984 229 1020 duce
263 984 379 1021 occisi
412 988 510 1021 sunt.
570 983 657 1020 Has
684 995 814 1033 poenas
835 982 1027 1032 Amyntas
1053 982 1212 1032 utrique
1232 981 1334 1032 Regi
1353 981 1473 1028 dedit,

134 1047 380 1098 nihilomagis
399 1046 423 1063 ‘¹³
436 1046 471 1083 ei
491 1045 539 1082 ad
563 1059 675 1096 quem
710 1045 968 1095 transfugerat
999 1044 1108 1091 fidus,
1129 1045 1244 1095 quam
1272 1044 1342 1092 illi,
1362 1057 1474 1095 quem

135 1111 367 1148 deseruerat.

214 1175 248 1210 6.
279 1172 391 1209 Darii
423 1171 626 1219 Praetorcs,
663 1170 729 1221 qui
760 1169 891 1220 praelio
929 1169 1029 1220 apud
1061 1169 1172 1207 Isson
1199 1169 1474 1220 superfuerant,

134 1249 219 1273 cum
251 1235 352 1273 omni
383 1248 505 1282 manu,
525 1247 609 1285 quae
626 1233 818 1284 fugientes
851 1238 980 1270 secuta
1011 1238 1104 1281 erat,
1134 1235 1328 1283 assumpta
1361 1233 1476 1270 etiam

137 1298 406 1349 Cappadocum
431 1302 469 1335 et
505 1296 794 1347 Paphlagonum
818 1296 1033 1345 juventute,
1062 1295 1226 1346 Lydiam
1256 1308 1476 1346 recuperare

135 1361 344 1400 tentabant.
411 1359 630 1410 Antigonus
663 1359 815 1396 Praetor
850 1351 1064 1396 Alexandri
1109 1358 1246 1408 Lydiae
1289 1363 1474 1408 praeerat:

133 1424 212 1475 qui,
231 1437 443 1475 quanquam
461 1422 659 1473 plerosque
677 1421 843 1458 militum
862 1433 909 1458 ex
926 1420 1116 1471 praesidiis
1135 1420 1184 1458 ad
1202 1421 1348 1472 Regem
1367 1421 1475 1458 dimi-

134 1492 248 1536 serat,
268 1492 397 1524 tamen
428 1485 612 1524 Barbaris
644 1484 781 1534 spretis
809 1485 848 1521 in
876 1484 997 1521 aciem
1025 1496 1114 1522 suos
1133 1484 1274 1522 eduxit.
1331 1483 1476 1522 Eadem

134 1550 215 1588 illic
233 1562 379 1601 quoque
398 1549 551 1587 fortuna
581 1548 749 1597 partium
776 1547 862 1585 fuit.
921 1546 1061 1584 Tribus
1093 1546 1236 1597 praeliis
1263 1546 1342 1584 alia
1360 1551 1476 1597 atque

134 1613 210 1650 alia
242 1613 393 1663 regione
426 1610 647 1659 commissis,
681 1609 810 1648 Persae
841 1609 1061 1647 funduntur.
1129 1608 1276 1647 Eodem
1307 1614 1476 1659 tempore

134 1675 264 1714 classis
295 1673 546 1713 Macedonum
576 1686 624 1711 ex
654 1672 806 1711 Graeeia
837 1672 970 1720 accita,
1004 1671 1296 1720 Aristomenem,
1333 1671 1400 1722 qui
1427 1671 1476 1709 ad

136 1738 379 1788 Hellesponti
412 1750 517 1775 oram
548 1735 843 1786 recuperandam
869 1749 892 1773 a
919 1734 1036 1772 Dario
1065 1738 1146 1771 crat
1176 1733 1325 1781 missus,
1355 1734 1476 1784 captis

135 1804 217 1851 ejus
237 1805 301 1838 aut
321 1800 502 1837 demersis
531 1799 705 1846 navibus,
726 1802 890 1848 superat.
958 1797 998 1834 A
1017 1796 1182 1834 Milesiis
1201 1795 1337 1833 deinde
1358 1796 1476 1835 Phar·

121 1865 300 1902 ‚nabazus
332 1864 356 1880 ⁴⁴
369 1863 571 1912 praefectus
603 1861 770 1898 Persieae
800 1859 932 1897 classis
951 1859 1111 1909 pecunia
1141 1862 1288 1907 exacta,
1318 1863 1357 1897 et
1384 1873 1476 1910 prae-

136 1928 234 1965 sidio
261 1927 302 1964 in
329 1926 460 1964 urbem
500 1925 639 1964 Chium
669 1923 895 1971 introducto,
916 1928 1070 1960 centum
1097 1922 1255 1960 navibus
1284 1922 1475 1972 Andrum,

135 1996 175 2029 et
194 1990 280 2028 inde
302 1988 498 2040 Syphnum
516 1987 629 2038 petiit
646 1999 654 2024 :
684 1999 746 2024 eas
764 1998 910 2036 quoque
940 1984 1083 2022 insulas
1101 1984 1291 2035 praesidiis
1309 1991 1475 2036 occupat,

135 2052 298 2104 pecunia
334 2051 501 2089 mulctat.
571 2048 796 2100 Magnitudo
831 2048 922 2086 belli
957 2047 1059 2098 quod
1095 2047 1144 2085 ab
1173 2047 1478 2097 opulentissimis

138 2117 302 2166 Europae
324 2114 501 2164 Asiaeque
526 2113 676 2164 regibus
704 2112 743 2149 in
770 2124 873 2161 spem
892 2111 1012 2148 totius
1031 2110 1131 2148 orbis
1150 2110 1356 2160 occupandi
1374 2124 1476 2162 gero-

137 2179 259 2226 batur,
297 2177 455 2216 Graeciae
489 2188 634 2226 quoque
673 2179 712 2212 et
750 2173 875 2212 Cretae
911 2186 1015 2210 arma
1046 2178 1306 2211 commoverat.
1379 2173 1479 2224 Agis

139 2239 510 2279 Lacedaemoniorum
531 2238 628 2285 Rex,
649 2241 732 2275 octo
751 2235 920 2274 millibus
940 2234 1172 2282 Graecorum,
1191 2235 1254 2285 qui
1273 2247 1321 2272 ex
1340 2234 1479 2274 Cilicia

139 2303 288 2355 profugi
308 2303 437 2340 domos
465 2301 703 2351 rcpeticrant,
724 2299 938 2345 contractis,
958 2298 1101 2336 bellum
1130 2298 1338 2348 Antipatro
1358 2298 1480 2336 Maee-

141 2369 263 2408 doniae
294 2367 471 2419 praefecto
502 2365 739 2403 moliebatur.
795 2363 1033 2402 ⁴⁵Cretenses
1064 2362 1133 2400 has
1153 2368 1221 2400 aut
1248 2363 1335 2401 illas
1353 2367 1482 2414 partes

142 2431 270 2477 secuti,
290 2443 389 2469 nunc
410 2429 695 2479 Spartanorum,
715 2440 812 2465 nunc
841 2426 1091 2464 Macedonum
1120 2425 1310 2476 praesidiis
1329 2437 1482 2476 occupa-
