1583 2680
114 125 162 162 60
575 134 759 167 QUINTI
797 132 997 158 cun'rn.

115 227 163 266 ad
190 226 489 278 persequendum
506 226 665 275 hostem·
685 225 851 264 animum
879 224 1069 274 incendit3
1099 223 1239 275 quippe
1258 228 1390 262 urente
1417 226 1454 261 et

114 290 317 341 populante
354 303 397 327 eo
434 294 587 338 terram,
626 288 882 327 festinandum
918 292 1010 336 erat,
1038 300 1086 325 ne
1122 287 1293 325 incendio
1321 291 1456 324 cuncta

114 353 342 404 praeriperet.
426 352 474 390 In
520 351 706 390 rationem
752 354 842 402 ergo
888 351 1092 389 necessitas
1137 364 1267 389 versa:
1313 350 1455 402 quippe

117 417 295 464 Mazaeus,
323 415 390 467 qui
423 418 536 453 antea
562 416 655 465 ”per
686 414 806 451 otium
839 413 946 452 vicos
976 413 1204 463 incenderat,
1230 416 1310 464 jam
1328 414 1458 464 fugere

116 484 329 527 contentus,
349 479 528 530 pleraque
556 478 741 516 inviolata
770 477 873 514 hosti
890 477 1056 528 reliquit.
1112 477 1332 515 Alexander
1358 477 1460 514 haud

116 542 269 593 longius
288 547 440 579 centum
458 540 709 592 quadraginta
729 540 864 578 stadiis
891 539 1054 578 Darium
1072 541 1201 579 abesse
1217 544 1457 590 compererat.

118 605 255 656 Itaque
287 605 336 642 ad
367 605 580 643 satietatem
611 616 756 655 quoque
789 603 899 654 copia
931 608 1205 642 commeatuum
1241 605 1459 650 instructus,

118 668 318 719 quatriduo
333 668 375 705 in
394 667 527 705 eodem
544 667 625 704 loco
645 666 829 705 substitit.
1034 662 1037 666 ’

199 734 258 770 41.
287 732 517 781 Interceptae
546 730 685 768 deinde
719 729 827 768 Darii
857 730 1000 768 litterae
1036 735 1134 779 sunt,
1164 730 1302 781 quibus
1339 729 1464 768 Graeei

118 795 262 832 milites
282 794 596 842 sollicitabantur,
614 798 659 831 ut
687 793 834 845 Regem
861 793 1130 842 interficerent,
1149 798 1215 831 aut
1233 793 1438 844 proderent
1454 805 1462 830 :

122 858 382 908 dubitayitque
401 870 450 894 an
469 869 533 895 eas
562 870 630 908 pro
650 858 826 895 concione
853 857 1044 905 recitaret,
1066 857 1161 895 satis
1181 857 1341 894 confisus
1361 856 1465 895 Groe-

119 934 248 958 eorum
279 933 426 972 quoque
459 933 550 972 erga
578 933 618 958 se
645 920 920 960 benevolentiae
938 933 981 958 ac
998 920 1094 959 fidei.
1153 920 1231 959 Sed
1262 920 1466 958 Parmenio

121 984 319 1033 deterruit,
339 997 415 1022 non
433 997 514 1022 esse
543 984 689 1022 talibus
707 984 903 1034 promissis
930 983 1154 1022 imbuendas
1173 995 1282 1022 aures
1300 983 1466 1021 militum

121 1048 306 1086 affirmans
321 1061 329 1097 3
363 1049 387 1065 ¹⁰
402 1051 532 1097 patere
550 1047 612 1085 vel
629 1046 742 1084 unius
760 1046 914 1084 insidiis
933 1047 1079 1098 Regem
1094 1059 1103 1084 z
1144 1046 1242 1084 nihil
1259 1047 1367 1084 nefas
1386 1059 1467 1084 esse

121 1111 304 1149 avaritiae.
379 1110 541 1149 Secutus
577 1109 728 1147 consilii
772 1114 977 1158 auctorem,
1013 1114 1139 1147 castra
1182 1109 1310 1148 movit.
1385 1109 1468 1147 Iter

122 1173 295 1222 facienti,
327 1173 443 1223 spado
479 1186 576 1210 unus
607 1185 654 1210 ex
683 1172 856 1223 captivis,
886 1173 952 1224 qui
985 1172 1096 1210 Darii
1127 1185 1283 1210 uxorem
1315 1173 1467 1211 comita-

122 1238 271 1284 bantur,
294 1236 451 1274 deficere
471 1249 554 1273 eam
570 1235 739 1285 nunciat,
760 1240 798 1274 et
816 1236 882 1274 vix
911 1236 1090 1286 spiritum
1109 1235 1253 1277 ducere.
1309 1236 1468 1275 Itineris

123 1299 294 1338 continui
326 1299 454 1338 labore
487 1299 677 1350 animique
705 1299 931 1349 aegritudine
960 1299 1136 1351 fatigata,
1155 1299 1257 1337 inter
1276 1304 1402 1338 socrus
1429 1305 1468 1338 et

123 1362 314 1414 virginum
342 1362 505 1400 filiarum
533 1375 669 1400 manus
690 1362 896 1413 ¹¹collapsa
926 1367 1031 1413 erat;
1064 1363 1202 1400 deinde
1223 1367 1261 1400 et
1289 1363 1466 1401 extincta.

127 1427 151 1444 ¹²
169 1426 218 1464 Id
247 1426 374 1476 ipsum
391 1425 584 1474 nuncians,
605 1426 704 1464 alius
734 1426 961 1476 supervenit.
1031 1426 1086 1464 Et
1105 1426 1203 1475 Rex,
1223 1426 1326 1464 haud
1345 1428 1468 1475 secus,

123 1491 238 1540 quam
258 1489 291 1527 si
309 1489 480 1539 parentis
498 1502 600 1527 mors
627 1489 806 1527 nunciata
834 1494 942 1538 esset,
963 1489 1114 1528 crebros
1141 1489 1264 1528 edidit
1282 1489 1466 1541 gemitus3

125 1553 371 1604 lacrymisque
405 1552 562 1601 obortis,
595 1553 726 1603 quales
763 1552 907 1590 Darius
942 1552 1186 1603 profudisset,
1223 1552 1265 1590 in
1299 1552 1470 1591 taberna-

125 1616 263 1664 culum,
283 1616 324 1652 in
359 1628 432 1666 quo
463 1619 586 1654 mater
621 1620 704 1653 erat
735 1614 859 1665 Darii,
897 1615 1074 1653 defuneto
1110 1615 1282 1654 assidens
1309 1616 1469 1666 corpori,

124 1679 236 1717 venit.
294 1678 373 1716 Hic
403 1679 492 1716 vero
522 1683 726 1717 renovatus
757 1683 815 1716 est
844 1691 993 1727 moeror,
1024 1683 1069 1717 ut
1100 1683 1329 1729 prostratam
1364 1679 1470 1717 humi

125 1741 246 1780 vidit:
287 1741 430 1779 recenti
465 1741 564 1779 malo
600 1741 769 1792 priorum
806 1754 954 1792 quoque
992 1741 1185 1779 admonita
1211 1746 1404 1792 receperat
1431 1742 1471 1780 in

125 1805 310 1856 gremium
329 1804 479 1842 adultas
497 1804 677 1855 virgines,
696 1818 833 1856 magna
847 1805 999 1856 quidem
1017 1804 1139 1842 mutui
1159 1803 1303 1842 doloris
1322 1785 1470 1854 solzstia,

126 1868 191 1905 sed
210 1868 348 1918 quibus
366 1867 452 1918 ipsa
471 1867 623 1906 deberet
651 1880 732 1905 csse
751 1867 897 1905 solatio.
969 1866 1017 1904 Iu
1036 1872 1238 1917 conspectu
1257 1873 1338 1906 erat
1356 1881 1472 1919 nepos

126 1931 318 1981 parvuluS,
349 1931 396 1969 ob
426 1930 467 1968 id
496 1930 621 1980 ipsum
640 1930 882 1978 miserabilis,
916 1929 1058 1980 ¹‘'quOd
1086 1929 1256 1968 nondum
1284 1931 1472 1969 sentiebat

126 1994 392 2042 calamitatem,
412 1993 577 2031 maxima
597 2006 644 2031 ex
674 1998 782 2044 parte
810 1992 858 2030 ad
887 1992 1012 2043 ipsum
1040 1993 1326 2032 redundantem.
1385 1994 1471 2034 Cre-

127 2056 234 2094 deres
254 2056 515 2095 Alexandrum
534 2056 632 2095 inter
651 2069 738 2095 suas
751 2055 1050 2094 necessitudines
1068 2056 1166 2105 fiere,
1187 2062 1225 2094 et
1244 2057 1381 2095 solatia
1399 2071 1472 2096 non

128 2119 317 2167 adhibere,
355 2119 422 2156 sed
468 2132 645 2170 quaerere.
729 2118 826 2157 Cibo
863 2119 965 2156 cert&
1012 2119 1208 2167 abstinuit,
1254 2133 1472 2172 omnemque

128 2182 304 2220 honorem
324 2182 461 2230 funeri,
482 2182 606 2232 patrio
627 2183 828 2221 Persarum
847 2195 960 2230 more,
981 2182 1168 2220 servavit:
1202 2184 1222 2200 ¹⁸
1235 2183 1372 2235 dignus
1391 2184 1472 2222 her-

128 2245 224 2294 cule,
255 2245 318 2296 qui
355 2258 453 2283 nune
484 2259 632 2297 quoquc
664 2250 781 2284 tantae
814 2246 1114 2283 mansuetudinis
1152 2251 1190 2284 et
1227 2246 1474 2286 continentim

129 2309 226 2347 ferat
257 2309 431 2347 fructum.
489 2309 614 2347 Semel
646 2308 796 2345 omnine»
831 2322 912 2346 eam
948 2310 971 2326 ¹³
986 2309 1146 2358 viderat,
1174 2323 1248 2361 quo
1277 2309 1338 2347 die
1365 2315 1475 2360 capta.

134 2377 199 2421 ast,
219 2385 287 2410 1100
316 2377 360 2410 ut>
385 2372 518 2424 ipsam,
540 2372 607 2410 sed
636 2377 679 2409 ut
708 2371 817 2410 Darii
847 2377 1004 2411 matrem
1024 2372 1193 2412 videret:
1223 2373 1475 2424 eximiamque
