1583 2680
464 163 626 189 LIBER
666 163 784 187 V111.
826 163 935 187 car.
977 162 1019 187 x.
1350 151 1420 189 201

80 261 325 309 parceretur3
354 255 600 294 munimentis
618 255 737 302 urbis,
756 266 869 305 quam
885 253 1097 302 obsidebat,
1117 254 1287 292 incensis.
1345 254 1425 294 Cae-

77 321 207 358 terum
239 319 329 358 dum
361 318 606 370 obequitabat
639 317 839 366 moenibus,
873 316 1016 368 sagitta
1047 317 1147 354 ictus
1176 322 1244 355 est.
1313 317 1426 368 Cepit

78 387 204 421 tamen
234 382 424 433 oppidum,
457 386 496 420 et
524 381 699 420 omnibus
730 380 866 418 ineolis
899 381 981 430 ejus
1007 379 1221 428 trucidatis,
1241 380 1355 418 etiam
1385 381 1424 418 in

76 450 181 484 tecta
209 439 394 484 saevitum*
414 450 484 483 est.
541 444 640 482 Inde
672 443 816 482 domita
847 442 1008 494 ignobili
1038 447 1162 494 gente,
1195 442 1244 480 ad
1277 440 1421 494 Nysam

75 508 207 546 urbem
233 509 415 559 pervenit.
471 507 590 545 Forte
621 507 757 544 eastris
786 512 873 544 ante
901 505 1040 544 moenia
1067 505 1150 556 ipsa
1178 505 1217 543 in
1244 506 1421 556 sylvestri

75 571 158 609 loeo
176 571 324 622 positis,
343 575 575 609 nocturnum
593 570 716 621 frigus
735 569 998 607 vehementius
1016 570 1131 619 quam
1150 568 1247 606 alias
1266 568 1421 607 horrore

75 647 232 685 corpora
276 634 414 682 affecit,
461 634 815 684 ⁴opportunumque
859 631 1070 669 remedium
1112 631 1213 682 ignis
1252 631 1418 670 oblatum

75 702 143 735 est.
201 696 322 736 Caesis
339 696 479 748 quippe
509 696 629 746 sylvis
658 696 846 733 flammam
875 694 1164 733 excitaverunt:
1193 707 1279 745 quae
1307 694 1419 746 lignis

75 760 169 797 alita
201 759 474 810 oppidanorum
506 758 703 809 sepulchra
736 757 1027 808 comprehendit.
1102 757 1272 795 Vetusta
1309 757 1419 796 cedro

73 823 175 860 facta
206 827 326 871 erant,
359 827 652 872 conceptumque
684 821 812 872 ignem
847 820 925 858 late
957 814 1104 868 fudere,
1141 819 1257 858 donec
1293 821 1419 858 omnia

74 885 153 923 solo
190 890 340 936 aequata
378 890 479 923 sunt.
554 884 609 922 Et
650 897 699 922 ex
735 883 829 922 urbe
875 883 1038 933 primum
1075 895 1208 921 canum
1243 882 1417 932 latratus,

74 948 210 986 deinde
246 948 363 986 etiam
396 947 590 985 hominum
623 946 801 985 fremitus
836 946 991 983 auditus
1027 950 1095 984 est.
1166 945 1265 983 Tum
1292 950 1331 984 et
1356 959 1418 997 op-

73 1011 206 1061 pidani
241 1010 398 1059 hostem,
436 1016 476 1048 et
513 1009 743 1048 Macedonas
779 1010 880 1059 ipsos
917 1009 966 1046 ad
1002 1009 1133 1048 urbem
1160 1009 1307 1047 venisse
1335 1022 1417 1061 eog-

75 1077 242 1111 1105011111.

153 1138 213 1174 33.
244 1135 410 1186 Jamque
447 1135 534 1173 Rex
571 1134 753 1172 eduxerat
783 1134 921 1184 copias,
958 1138 998 1171 et
1033 1134 1172 1172 moenia
1209 1134 1415 1183 obsidebat,

73 1201 187 1237 δ011111
218 1198 399 1247 11051111111,
430 1198 497 1249 qui
529 1197 732 1236 discrimen
764 1202 1014 1245 tentaverant,
1047 1197 1175 1235 obruti
1202 1197 1290 1235 telis
1319 1203 1415 1236 sunt.

74 1263 176 1302 Aliis
209 1263 299 1314 ergo
319 1261 566 1309 deditionem,
599 1260 688 1299 aliis
720 1273 885 1312 pugnam
913 1260 1081 1310 experiri
1109 1260 1302 1311 placebat:
1330 1274 1417 1312 quo-

73 1339 159 1364 rum
177 1325 414 1364 dubitatione
445 1327 648 1375 comperta,
667 1323 928 1362 circumsideri
956 1325 1110 1361 tantum
1139 1336 1216 1372 eos,
1236 1329 1275 1362 et
1303 1324 1416 1362 absti-

72 1389 156 1427 neri
191 1388 356 1428 eaedibus
391 1387 518 1438 jussit„
593 1387 837 1438 Tandemque
873 1386 1083 1425 obsidionis
1116 1387 1229 1425 1113115
1265 1387 1417 1438 fatigati

73 1451 256 1490 dedidere
288 1464 338 1490 se.
394 1451 435 1489 A
468 1450 610 1489 Libero
641 1455 750 1500 patre
779 1449 954 1488 conditos
981 1462 1021 1487 se
1048 1462 1130 1488 esse
1149 1449 1348 1500 dicebant3
1378 1456 1414 1488 et

73 1527 166 1553 vera
196 1514 278 1553 haec
307 1513 411 1565 origo
441 1518 533 1552 erat.
601 1513 688 1552 Sita
718 1517 777 1550 est
809 1512 881 1550 sub
908 1511 1101 1551 radicibus
1127 1513 1280 1562 montis,
1307 1526 1415 1564 quem

75 1577 211 1614 Meron
229 1576 363 1614 ineolae
380 1575 584 1626 appellant.
640 1574 737 1613 Inde
757 1574 884 1613 Graeci
902 1574 1114 1612 mentiendi
1131 1578 1287 1613 traxere
1304 1575 1404 1613 licen

74 1640 178 1687 tiam,
198 1639 228 1677 J
230 1638 312 1678 ovis
343 1638 483 1676 femine
502 1637 684 1676 Liberum
712 1641 862 1687 patrem
879 1629 963 1674 esse
992 1636 1164 1676 celatum.
1220 1637 1321 1686 Rex,
1341 1638 1420 1675 situ

73 1702 213 1740 montis
231 1701 383 1753 cognito
415 1713 463 1738 ex
494 1700 642 1748 incolis,
662 1712 748 1738 011111
780 1704 859 1738 toto
878 1699 1061 1747 exercitu,
1089 1700 1294 1749 praemissis
1321 1713 1417 1738 com-

72 1764 272 1813 meatibus,
292 1764 471 1802 verticem
503 1764 586 1813 ejus
613 1762 790 1801 aseendit.
846 1761 974 1800 Multa
996 1761 1135 1800 hedera
1151 1762 1316 1814 vitisque
1335 1767 1418 1801 toto

72 1827 246 1880 gignitur
273 1832 409 1865 monte.
465 1826 603 1866 Multae
633 1838 813 1877 perennes
830 1839 938 1877 aquae
964 1830 1129 1864 manant.
1185 1826 1418 1864 ‘’Pomorum

72 1903 223 1943 quoque
241 1890 339 1929 varii
368 1889 611 1941 salubresque
639 1889 741 1927 succi
773 1894 873 1937 sunt,
893 1892 963 1927 5115,
993 1894 1127 1940 sponte
1146 1889 1157 1906 ⁷
1170 1889 1417 1927 fortuitorum

73 1954 259 1993 seminum
286 1955 418 2005 fruges
446 1952 560 1991 humo
588 1952 790 1991 nutriente.
860 1951 992 2001 Lauri,
1023 1951 1266 2002 baccarisque
1299 1952 1419 1990 multa

75 2017 116 2055 in
133 2017 212 2055 illis
229 2016 389 2067 rupibus
406 2015 569 2068 agrestis
588 2020 647 2054 est
665 2015 782 2066 sylva.
840 2014 962 2054 Credo
982 2014 1157 2066 equidem
1186 2027 1261 2052 11011
1289 2015 1418 2053 divino

77 2079 272 2127 instinctu,
305 2078 373 2117 sed
407 2078 567 2116 lascivia
597 2091 680 2116 esse
709 2082 916 2128 provectos,
944 2082 989 2115 ut
1020 2080 1166 2127 passim
1192 2077 1344 2116 hederae
1375 2091 1418 2115 ac

76 2142 216 2181 vitium
257 2141 351 2179 folia
393 2141 649 2191 decerperent,
686 2139 930 2190 redimitique
974 2139 1109 2178 fronde
1151 2144 1232 2178 toto
1269 2153 1420 2179 nemore

77 2204 223 2244 similes
251 2203 519 2243 bacchantibus
548 2208 786 2254 vagarentur.
843 2201 1016 2241 Vocibus
1045 2203 1135 2254 ergo
1153 2207 1212 2241 tot
1239 2203 1419 2250 millium,

77 2267 278 2319 praesidem
308 2266 473 2304 nemoris
492 2267 576 2316 ejus
595 2265 718 2303 Deum
746 2265 1000 2314 adorantium,
1016 2267 1112 2317 juga
1128 2266 1271 2304 montis
1289 2266 1419 2304 colles-

78 2343 151 2382 que
183 2329 421 2377 resonabant,
453 2330 541 2366 eum
573 2334 658 2366 orta
688 2328 845 2366 licentia
876 2341 899 2366 a
929 2329 1059 2379 paucis
1087 2329 1147 2378 (ut
1178 2329 1257 2367 fere
1294 2329 1350 2380 fit)
1379 2329 1421 2366 in

79 2406 209 2432 omnes
241 2405 282 2430 se
313 2393 468 2443 repente
498 2391 701 2443 vulgasset.
759 2391 920 2442 Quippe,
952 2392 1057 2430 velut
1091 2392 1133 2430 in
1162 2377 1290 2430 media
1316 2404 1420 2442 pace,

80 2469 147 2508 per
166 2456 301 2494 herbas
319 2460 609 2506 congestamque
633 2454 815 2502 frondem,
835 2460 1119 2505 prostraverant
1146 2468 1311 2506 corpora.
1368 2454 1420 2492 Et
