1583 2680
174 158 251 195 156
635 169 817 201 QUINTI
859 169 1043 195 cun-ru

171 261 236 310 mi,
256 261 395 299 deinde
417 274 574 313 corpora
594 261 752 300 deficere
772 266 981 312 coeperunt.
1039 262 1204 314 Pigebat
1223 267 1262 302 et
1289 264 1507 313 consistere,

167 330 207 363 et
238 325 428 377 progredi.
486 326 608 364 Pauci
645 340 667 363 a
695 326 830 376 peritis
849 325 1018 376 regionis
1037 326 1233 376 admoniti,
1252 332 1509 379 praeparzirant

168 402 313 439 aquam.
373 389 470 427 Haec
502 389 700 439 paulisper
732 389 918 438 repressit
952 389 1068 427 sitim.
1125 389 1276 428 Deinde
1314 397 1508 430 crescente

165 457 276 500 aestu,
297 465 452 490 rursum
473 452 706 490 desiderium
725 451 894 489 humoris
923 465 1121 491 accensum
1141 458 1210 491 est.
1269 453 1372 505 Ergo
1399 455 1506 505 quid·

164 514 258 564 quid
276 514 356 553 vini
384 515 532 565 oleique
554 519 647 561 erat,
669 514 797 552 oribus
824 514 1079 565 ingerebatur.
1129 516 1329 567 Tantaque
1345 517 1506 554 dulcedo

164 576 321 615 bibendi
339 577 425 625 fuit,
441 582 486 614 ut
504 576 543 613 in
562 581 761 626 posterum
776 577 861 615 sitis
873 591 949 616 non
961 578 1170 616 timeretur.
1202 578 1348 617 Graves
1369 579 1504 616 deinde

164 639 277 676 avide
310 640 447 676 hausto
478 639 647 689 humore,
668 652 745 677 non
777 640 966 678 sustinere
997 654 1114 689 arma,
1135 653 1210 679 non
1237 641 1386 691 ingredi
1404 647 1504 691 pote-

163 706 276 739 rant:
306 706 345 738 et
364 701 557 739 feliciores
576 702 806 740 videbantur
825 715 920 753 quos
941 716 1037 753 aqua.
1066 703 1282 751 defecerat3
1314 704 1404 740 cum
1431 703 1507 753 ipsi

163 764 243 801 sine
262 763 374 801 modo
394 764 559 802 infusam
576 765 726 803 vomitu
744 770 970 816 cogerentur
998 778 1162 817 egerere.

246 829 302 864 19.
346 826 521 864 Anxium
554 826 704 877 Regem
733 828 853 865 tantis
885 828 1008 876 malis,
1043 827 1266 865 circumfusi
1302 827 1426 877 amici,
1461 833 1507 865 ut

164 889 401 927 meminisset
430 892 507 937 sui,
527 890 739 940 ³orabant3
771 891 890 928 animi
922 891 983 929 sui
1014 889 1319 941 magnitudinem
1351 891 1506 929 unicum

162 953 375 990 remedium
395 953 607 991 deficientis
627 954 821 992 exereitus
841 967 950 992 esse:
980 956 1065 992 eum
1094 968 1143 992 ex
1172 954 1232 1002 iis,
1250 955 1317 1006 qui
1348 967 1504 1005 praeees-

160 1021 288 1053 serant
322 1016 371 1054 ad
401 1017 629 1067 capiendum
659 1017 786 1055 locum
815 1018 961 1066 eastris,
993 1017 1068 1055 duo
1107 1022 1325 1066 occurrunt,
1353 1017 1505 1056 utribus

162 1093 295 1130 aquam
313 1084 524 1130 gestantes,
545 1085 590 1117 ut
608 1080 697 1118 filiis
718 1081 809 1129 suis,
831 1094 926 1132 quos
946 1081 987 1118 in
1014 1081 1150 1119 eodem
1177 1080 1327 1132 agmine
1347 1093 1444 1128 esse,
1465 1085 1504 1118 et

161 1144 259 1192 aegre
279 1143 363 1192 pati
392 1143 495 1180 sitim
515 1155 590 1181 non
618 1143 856 1193 ignorabant,
876 1143 1180 1182 ⁴suceurrerent.
1240 1142 1318 1188 Qui
1346 1143 1435 1180 cum
1463 1143 1503 1180 in

163 1218 287 1256 regem
305 1205 539 1254 incidissent,
560 1205 656 1244 alter
676 1219 723 1243 ex
751 1206 810 1254 iis,
831 1206 940 1244 “utre
966 1206 1145 1254 resoluto,
1164 1218 1231 1244 vas
1260 1205 1362 1256 quod
1391 1205 1504 1243 simul

158 1269 315 1317 ferebat,
334 1269 480 1318 implet,
492 1268 689 1320 porrigens
704 1269 804 1320 Regi
820 1283 828 1307 ε
847 1269 912 1307 ille
925 1273 1200 1319 percunctatus,
1215 1268 1352 1319 quibus
1367 1281 1503 1320 aquam

157 1336 364 1382 portarent,
384 1332 473 1369 filiis
492 1332 590 1370 ferre
610 1333 812 1383 cognoscit.
871 1332 980 1370 Tunc
999 1331 1131 1383 poculo
1150 1331 1273 1382 pleno,
1289 1331 1387 1369 sieut
1401 1331 1501 1370 obla-

156 1400 237 1432 tum
257 1400 324 1443 est,
345 1395 507 1443 reddito,
538 1398 559 1416 “
575 1395 587 1412 ⁶
602 1395 639 1433 N
643 1408 683 1433 ee
704 1395 844 1444 solus,”
876 1395 1013 1446 inquit,
1043 1395 1208 1433 “bibere
1237 1394 1416 1443 sustineo,
1434 1407 1503 1433 nee

156 1464 235 1496 tam
253 1458 433 1510 exiguum
453 1458 620 1496 dividere
639 1458 811 1496 omnibus
829 1471 991 1508 possum.
1036 1457 1120 1496 Vos
1139 1457 1292 1506 currite,
1312 1462 1350 1495 et
1367 1457 1501 1496 liberis

156 1522 305 1570 vestris,
324 1521 425 1573 quod
442 1525 596 1571 propter
615 1521 702 1558 illos
722 1521 920 1569 attulistis,
937 1520 1059 1558 date.’'
1106 1520 1274 1558 Tandem
1289 1519 1338 1558 ad
1350 1520 1500 1558 flumem

158 1584 287 1624 Oxum
306 1585 387 1635 ipse
406 1584 579 1634 pervenit
597 1585 721 1634 prima
739 1585 816 1622 fere
837 1587 1008 1634 vespera.
1057 1583 1133 1622 Sed
1152 1583 1347 1621 exercitus
1364 1596 1502 1635 magna

155 1661 242 1698 pars
261 1661 335 1686 non
355 1651 531 1698 potuerat
550 1647 736 1698 consequi.
792 1646 843 1685 In
870 1647 973 1685 edito
1000 1652 1127 1685 monte
1154 1646 1260 1698 ignes
1276 1646 1387 1696 jubet
1404 1647 1499 1695 fieri,

154 1716 198 1749 ut
217 1711 256 1759 ii,
276 1711 341 1762 qui
358 1711 461 1762 aegre
483 1710 748 1761 sequebantur,
767 1709 870 1748 haud
888 1709 1021 1760 procul
1039 1709 1175 1747 eastris
1194 1722 1233 1747 se
1261 1709 1390 1750 abesse
1418 1722 1499 1760 cog-

153 1779 358 1813 noscerent.
415 1774 495 1812 Eos
518 1778 643 1811 autem
671 1773 738 1824 qui
767 1773 882 1823 primi
912 1773 1075 1824 agminis
1107 1776 1226 1821 erant,
1245 1773 1394 1810 mature
1414 1772 1498 1810 cibo

154 1851 197 1875 ac
217 1837 370 1888 potione
387 1837 566 1884 firmatos,
586 1835 742 1886 implere
761 1835 857 1873 alios
883 1840 1000 1883 utres,
1030 1834 1126 1872 alios
1153 1847 1254 1882 vasa,
1273 1834 1495 1885 quibuscum

153 1914 251 1952 aqua
269 1904 396 1951 posset
414 1899 572 1950 portari,
590 1898 717 1949 jussit,
738 1911 781 1936 ao
800 1897 879 1936 suis
898 1910 1008 1948 opem
1027 1897 1136 1936 ferre.
1193 1897 1268 1936 Sed
1279 1897 1345 1948 qui
1364 1897 1497 1936 intem-

153 1964 350 2014 perantius
367 1963 584 2010 hauserant,
604 1960 830 1999 ⁷intereluso
850 1960 986 2011 spiritu
1013 1960 1172 1998 extincti
1199 1964 1298 1998 sunt.
1354 1960 1497 1998 Multo-

153 2040 225 2077 que
255 2027 375 2075 major
403 2025 539 2064 horum
570 2037 750 2062 numerus
781 2023 868 2072 fuit,
901 2024 1018 2074 quiun
1046 2023 1126 2061 ullo
1150 2022 1327 2061 amiserat
1352 2023 1494 2073 praelio.

154 2090 212 2128 At
233 2089 298 2126 ille
317 2089 509 2126 thoracem
528 2087 652 2126 adhuc
671 2087 842 2135 indutus,
861 2100 930 2124 nce
949 2091 1016 2124 aut
1034 2086 1119 2125 cibo
1133 2086 1299 2124 refectus
1313 2092 1381 2125 aut
1392 2092 1496 2138 potu,

154 2153 230 2203 qua
249 2151 424 2189 veniebat
442 2151 642 2199 exereitus,
663 2150 848 2189 constitit.
907 2149 944 2188 N
948 2163 989 2188 ec
1007 2150 1096 2187 ante
1116 2149 1165 2187 ad
1184 2149 1392 2187 curandum
1419 2163 1493 2188 cor-

94 2214 97 2218 ’
154 2227 224 2266 pus
257 2213 426 2261 recessit,
460 2217 575 2264 quzim
613 2213 889 2264 praeterierant,
924 2214 935 2230 ⁸
949 2213 1014 2264 qui
1051 2225 1182 2264 agmen
1219 2212 1495 2263 sequebantur:

156 2283 349 2329 totamque
369 2290 449 2313 eam
470 2282 616 2314 noctem
637 2290 721 2314 cum
739 2289 875 2327 magno
895 2276 1008 2313 animi
1024 2281 1129 2314 motu
1144 2275 1339 2326 perpetuis
1353 2275 1497 2326 vigiliis

154 2341 243 2392 egit.
302 2339 383 2377 Nee
402 2343 554 2389 postero
574 2339 636 2376 die
656 2339 784 2377 laetior
803 2344 886 2376 erat
904 2353 911 2377 :
941 2339 1030 2390 quia
1048 2351 1117 2376 nee
1144 2338 1297 2390 navigia
1323 2337 1497 2385 habebat,

154 2417 222 2441 nec
251 2414 346 2453 pons
376 2401 472 2453 erigi
501 2406 666 2452 poterat,
697 2401 838 2439 circum
869 2414 1019 2439 amnem
1049 2400 1148 2439 nudo
1167 2400 1258 2449 solo,
1278 2405 1318 2438 ct
1336 2399 1496 2438 materia

156 2466 320 2506 maxime
347 2465 479 2504 sterili.
539 2465 749 2505 Consilium
771 2465 899 2515 igssur,
919 2463 1020 2516 quod
1039 2477 1156 2503 unum
1175 2463 1381 2502 necessitas
1413 2461 1498 2501 sub·
