1583 2680
574 191 732 217 mnan
769 191 810 216 x.
853 192 962 218 CAP.
1002 192 1043 218 x.
1404 181 1482 219 267

142 285 405 336 repletumque
437 289 497 322 est
526 284 708 323 odoribus
741 297 899 322 aureum
933 284 1082 333 solium,
1113 289 1152 322 et
1185 285 1302 336 capiti
1332 285 1483 335 adjecta

142 349 306 387 fortunae
325 349 408 398 ejus
427 347 603 399 insignia.
661 347 821 386 Veneno
851 352 1030 386 necatum
1063 360 1146 386 esse
1179 348 1378 387 credidere
1404 349 1482 399 ple-

141 411 272 463 rique;
302 411 427 450 filium
446 411 649 462 Antipatri
672 411 772 449 inter
790 411 998 460 ministros,
1018 410 1158 449 Iollam
1176 411 1342 460 nomine,
1360 412 1481 462 patris

147 476 259 524 jussu
279 475 442 513 dedisse.
500 474 611 525 Saepe
641 474 744 513 certe
766 474 896 512 audita
923 478 1005 512 erat
1022 487 1098 513 vox
1116 474 1345 523 Alexandri,
1367 475 1481 512 Anti-

140 543 293 588 patrum
323 538 471 589 regium
507 539 686 576 affectare
715 537 928 589 fastigium,
950 538 1240 590 ¹⁰majoremque
1272 551 1356 577 esse
1388 552 1480 589 prae-

140 601 232 639 fecti
250 602 406 652 opibus5
437 615 480 640 ac
501 601 616 640 titulo
637 602 835 652 Spartanae
855 601 1027 640 victoriae
1051 601 1235 652 inflatum,
1255 602 1381 640 omnia
1400 615 1422 640 a
1441 615 1480 640 se

141 664 231 702 data
251 671 485 704 asserentem
515 666 599 704 sibi.
659 665 877 704 Credebant
896 665 1023 716 etiam,
1044 664 1247 704 Craterum
1275 679 1362 704 eum
1380 670 1480 704 vete-

140 741 226 766 rum
257 729 425 767 militum
462 742 576 767 manu
609 729 657 767 ad
695 728 998 767 interficiendum
1037 741 1122 767 eum
1158 729 1328 774 missum.
1386 729 1480 767 Vim

140 797 268 830 autem
283 793 430 840 veneni,
450 793 552 844 quod
572 793 612 830 in
633 791 862 830 Macedonia
880 792 1064 844 gignitur,
1080 792 1196 831 talem
1215 806 1297 832 esse
1317 798 1478 842 constat,

142 857 226 894 ”ut
243 857 386 894 ferrum
405 858 556 908 queque
588 861 733 895 exurat.
791 856 987 907 Ungulam
1012 857 1178 907 jumenti
1208 856 1397 895 duntaxat
1418 871 1479 908 pa-

140 920 301 958 tientem
319 934 400 958 esse
423 921 536 958 succi.
596 921 756 972 Stygem
785 920 980 971 appellant
998 921 1154 968 fontem,
1175 933 1223 958 ex
1242 934 1317 972 quo
1346 922 1479 972 pestif-

139 996 247 1022 erum
264 984 370 1022 virus
399 988 559 1021 emanat.
618 983 704 1021 Hoc
723 997 791 1034 per
813 983 1068 1023 Cassandrum
1094 983 1253 1022 allatum
1280 985 1478 1023 traditum-

138 1061 212 1099 que
231 1048 344 1085 fratri
375 1047 500 1095 Iollae,
521 1052 560 1085 et
590 1047 638 1086 ab
672 1061 716 1086 eo
752 1060 939 1098 supremae
966 1047 1088 1099 Regis
1117 1048 1266 1099 potioni
1298 1049 1475 1088 inditum.

140 1112 166 1128 ¹²
181 1109 291 1158 Haee,
310 1115 517 1161 utcumque
536 1114 626 1147 sunt
645 1110 803 1158 tradita,
824 1123 966 1158 eorum,
987 1123 1083 1161 quos
1101 1123 1232 1149 rumor
1251 1117 1477 1162 asperserat,

137 1187 228 1212 mox
246 1174 418 1224 potentia
437 1173 614 1211 extinxit.
673 1173 854 1225 Regnum
875 1173 976 1211 enim
996 1173 1235 1213 Macedoniae
1254 1175 1477 1226 Antipater,

138 1243 178 1277 et
209 1237 396 1277 Graeciam
423 1250 572 1289 quoque
603 1238 754 1276 invasit.
823 1237 983 1277 soboles
1012 1237 1150 1276 deinde
1181 1239 1343 1289 excepit,
1362 1240 1478 1278 inter-

138 1302 247 1341 fectis
267 1302 454 1350 omnibus,
473 1302 702 1354 quicumque
722 1301 991 1340 Alexandrum
1021 1302 1138 1340 etiam
1165 1302 1375 1354 longinqua.
1395 1316 1477 1355 cog·

137 1367 291 1405 natione
324 1367 572 1417 contigerant.
649 1365 844 1405 Caeterum
878 1379 1016 1418 eorpus
1046 1368 1130 1417 ejus
1161 1366 1386 1416 Ptolemaeo,
1416 1368 1477 1405 eui

139 1430 336 1482 AEgyptus
357 1435 535 1480 cesserat,
555 1430 779 1481 Memphim,
801 1435 839 1469 et
859 1431 949 1469 inde
969 1431 1102 1482 paucis
1121 1432 1209 1482 pest
1230 1432 1338 1470 annis
1358 1431 1476 1470 Alex-

139 1495 312 1532 andriam
331 1495 561 1533 translatum
581 1499 651 1544 est,
672 1494 868 1547 omnisque
895 1496 1091 1534 memoriae
1120 1509 1164 1534 ae
1193 1496 1338 1534 nomini
1357 1495 1476 1534 honos

138 1557 311 1596 habetur.
