<?xml version="1.0" encoding="UTF-8"?>
<!DOCTYPE html PUBLIC "-//W3C//DTD XHTML 1.0 Transitional//EN"
    "http://www.w3.org/TR/xhtml1/DTD/xhtml1-transitional.dtd">
<html xmlns="http://www.w3.org/1999/xhtml" xml:lang="en" lang="en">
 <head>
  <title>
</title>
<meta http-equiv="Content-Type" content="text/html;charset=utf-8" />
  <meta name='ocr-system' content='tesseract 3.04.00' />
  <meta name='ocr-capabilities' content='ocr_page ocr_carea ocr_par ocr_line ocrx_word'/>
</head>
<body>
  <div class='ocr_page' id='page_1' title='image "./lifeexploitsofal00curtuoft_0027.png"; bbox 0 0 1583 2680; ppageno 0'>
   <div class='ocr_carea' id='block_1_1' title="bbox 441 165 1398 202">
    <p class='ocr_par' dir='ltr' id='par_1_1' title="bbox 441 165 1398 202">
     <span class='ocr_line' id='line_1_1' title="bbox 441 165 1398 202; baseline -0.001 -1"><span class='ocrx_word' id='word_1_1' title='bbox 441 176 602 202; x_wconf 66' lang='lat' dir='ltr'>Lmen</span> <span class='ocrx_word' id='word_1_2' title='bbox 643 175 723 200; x_wconf 91' lang='lat'>111.</span> <span class='ocrx_word' id='word_1_3' title='bbox 769 176 880 201; x_wconf 66' lang='lat' dir='ltr'>car.</span> <span class='ocrx_word' id='word_1_4' title='bbox 921 176 1015 201; x_wconf 75' lang='lat' dir='ltr'>vn.</span> <span class='ocrx_word' id='word_1_5' title='bbox 1354 165 1398 200; x_wconf 87' lang='lat'>17</span> 
     </span>
    </p>
   </div>
   <div class='ocr_carea' id='block_1_2' title="bbox 57 266 1422 2510">
    <p class='ocr_par' dir='ltr' id='par_1_2' title="bbox 57 266 1406 694">
     <span class='ocr_line' id='line_1_2' title="bbox 57 266 1401 318; baseline 0 -14"><span class='ocrx_word' id='word_1_6' title='bbox 57 279 154 318; x_wconf 86' lang='lat' dir='ltr'>gem,</span> <span class='ocrx_word' id='word_1_7' title='bbox 174 279 217 304; x_wconf 88' lang='lat' dir='ltr'>ac</span> <span class='ocrx_word' id='word_1_8' title='bbox 235 266 388 317; x_wconf 88' lang='lat' dir='ltr'>plenum</span> <span class='ocrx_word' id='word_1_9' title='bbox 407 267 515 306; x_wconf 83' lang='lat' dir='ltr'>bonae</span> <span class='ocrx_word' id='word_1_10' title='bbox 542 267 622 318; x_wconf 90' lang='lat' dir='ltr'>spei</span> <span class='ocrx_word' id='word_1_11' title='bbox 652 267 753 306; x_wconf 89' lang='lat' dir='ltr'>fecit.</span> <span class='ocrx_word' id='word_1_12' title='bbox 821 267 972 318; x_wconf 88' lang='lat' dir='ltr'>Itaque,</span> <span class='ocrx_word' id='word_1_13' title='bbox 1003 267 1029 286; x_wconf 80' lang='lat'>¹³</span> <span class='ocrx_word' id='word_1_14' title='bbox 1043 269 1064 289; x_wconf 90' lang='lat'><strong>“</strong></span> <span class='ocrx_word' id='word_1_15' title='bbox 1079 266 1121 306; x_wconf 85' lang='lat' dir='ltr'>Si</span> <span class='ocrx_word' id='word_1_16' title='bbox 1141 266 1246 315; x_wconf 77' lang='lat' dir='ltr'>Dii‚²&#39;</span> <span class='ocrx_word' id='word_1_17' title='bbox 1264 266 1401 318; x_wconf 90' lang='lat' dir='ltr'>inquit,</span> 
     </span>
     <span class='ocr_line' id='line_1_3' title="bbox 59 329 1403 382; baseline -0.001 -14"><span class='ocrx_word' id='word_1_18' title='bbox 59 332 81 351; x_wconf 87' lang='lat'><strong>“</strong></span> <span class='ocrx_word' id='word_1_19' title='bbox 96 329 287 380; x_wconf 89' lang='lat' dir='ltr'>Philippe,</span> <span class='ocrx_word' id='word_1_20' title='bbox 307 330 379 368; x_wconf 87' lang='lat' dir='ltr'>tibi</span> <span class='ocrx_word' id='word_1_21' title='bbox 398 331 670 381; x_wconf 77' lang='lat' dir='ltr'>permisissent,</span> <span class='ocrx_word' id='word_1_22' title='bbox 698 343 772 382; x_wconf 92' lang='lat' dir='ltr'>quo</span> <span class='ocrx_word' id='word_1_23' title='bbox 791 330 954 368; x_wconf 67' lang='lat' dir='ltr'>maxime</span> <span class='ocrx_word' id='word_1_24' title='bbox 973 330 1083 368; x_wconf 91' lang='lat' dir='ltr'>modo</span> <span class='ocrx_word' id='word_1_25' title='bbox 1103 329 1270 368; x_wconf 88' lang='lat' dir='ltr'>animum</span> <span class='ocrx_word' id='word_1_26' title='bbox 1288 329 1403 367; x_wconf 75' lang='lat' dir='ltr'>velles</span> 
     </span>
     <span class='ocr_line' id='line_1_4' title="bbox 59 392 1405 445; baseline -0.001 -16"><span class='ocrx_word' id='word_1_27' title='bbox 59 392 223 442; x_wconf 84' lang='lat' dir='ltr'>experiri</span> <span class='ocrx_word' id='word_1_28' title='bbox 250 405 387 445; x_wconf 86' lang='lat' dir='ltr'>meum,</span> <span class='ocrx_word' id='word_1_29' title='bbox 419 393 495 431; x_wconf 88' lang='lat' dir='ltr'>alio</span> <span class='ocrx_word' id='word_1_30' title='bbox 528 393 697 444; x_wconf 73' lang='lat' dir='ltr'>profecto</span> <span class='ocrx_word' id='word_1_31' title='bbox 730 393 936 442; x_wconf 80' lang='lat' dir='ltr'>voluisses;</span> <span class='ocrx_word' id='word_1_32' title='bbox 978 393 1046 431; x_wconf 89' lang='lat' dir='ltr'>sed</span> <span class='ocrx_word' id='word_1_33' title='bbox 1074 392 1272 431; x_wconf 82' lang='lat' dir='ltr'>certiorem</span> <span class='ocrx_word' id='word_1_34' title='bbox 1290 393 1405 442; x_wconf 73' lang='lat' dir='ltr'>quam</span> 
     </span>
     <span class='ocr_line' id='line_1_5' title="bbox 61 455 1405 506; baseline -0.002 -13"><span class='ocrx_word' id='word_1_35' title='bbox 61 459 241 505; x_wconf 86' lang='lat' dir='ltr'>expertus</span> <span class='ocrx_word' id='word_1_36' title='bbox 278 468 331 504; x_wconf 88' lang='lat' dir='ltr'>es,</span> <span class='ocrx_word' id='word_1_37' title='bbox 363 469 410 493; x_wconf 90' lang='lat' dir='ltr'>ne</span> <span class='ocrx_word' id='word_1_38' title='bbox 445 459 619 506; x_wconf 73' lang='lat' dir='ltr'>optasses</span> <span class='ocrx_word' id='word_1_39' title='bbox 661 455 821 506; x_wconf 87' lang='lat' dir='ltr'>quidem.</span> <span class='ocrx_word' id='word_1_40' title='bbox 896 455 985 494; x_wconf 71' lang='lat' dir='ltr'>Hac</span> <span class='ocrx_word' id='word_1_41' title='bbox 1030 455 1193 506; x_wconf 62' lang='lat' dir='ltr'>epistol-&lt;⁴³1</span> <span class='ocrx_word' id='word_1_42' title='bbox 1237 457 1405 504; x_wconf 65' lang='lat' dir='ltr'>accept-21,</span> 
     </span>
     <span class='ocr_line' id='line_1_6' title="bbox 61 517 1406 568; baseline -0.001 -14"><span class='ocrx_word' id='word_1_43' title='bbox 61 522 186 555; x_wconf 88' lang='lat' dir='ltr'>tamen</span> <span class='ocrx_word' id='word_1_44' title='bbox 216 518 318 568; x_wconf 91' lang='lat' dir='ltr'>quod</span> <span class='ocrx_word' id='word_1_45' title='bbox 349 517 516 556; x_wconf 89' lang='lat' dir='ltr'>dilueras</span> <span class='ocrx_word' id='word_1_46' title='bbox 534 518 638 567; x_wconf 89' lang='lat' dir='ltr'>bibi;</span> <span class='ocrx_word' id='word_1_47' title='bbox 669 523 707 556; x_wconf 89' lang='lat' dir='ltr'>et</span> <span class='ocrx_word' id='word_1_48' title='bbox 736 531 835 556; x_wconf 88' lang='lat' dir='ltr'>nune</span> <span class='ocrx_word' id='word_1_49' title='bbox 864 518 983 567; x_wconf 89' lang='lat' dir='ltr'>crede,</span> <span class='ocrx_word' id='word_1_50' title='bbox 1002 531 1062 556; x_wconf 92' lang='lat' dir='ltr'>me</span> <span class='ocrx_word' id='word_1_51' title='bbox 1089 530 1165 556; x_wconf 92' lang='lat' dir='ltr'>non</span> <span class='ocrx_word' id='word_1_52' title='bbox 1190 517 1321 555; x_wconf 71' lang='lat' dir='ltr'>mimis</span> <span class='ocrx_word' id='word_1_53' title='bbox 1339 530 1406 567; x_wconf 93' lang='lat' dir='ltr'>pro</span> 
     </span>
     <span class='ocr_line' id='line_1_7' title="bbox 62 579 1406 631; baseline -0.001 -14"><span class='ocrx_word' id='word_1_54' title='bbox 62 583 131 618; x_wconf 68' lang='lat' dir='ltr'>tua</span> <span class='ocrx_word' id='word_1_55' title='bbox 149 579 234 628; x_wconf 84' lang='lat' dir='ltr'>fide,</span> <span class='ocrx_word' id='word_1_56' title='bbox 252 582 367 631; x_wconf 73' lang='lat' dir='ltr'>quam</span> <span class='ocrx_word' id='word_1_57' title='bbox 384 594 453 631; x_wconf 94' lang='lat' dir='ltr'>pro</span> <span class='ocrx_word' id='word_1_58' title='bbox 471 583 555 618; x_wconf 65' lang='lat' dir='ltr'>mea</span> <span class='ocrx_word' id='word_1_59' title='bbox 571 581 692 619; x_wconf 86' lang='lat' dir='ltr'>salute</span> <span class='ocrx_word' id='word_1_60' title='bbox 705 594 787 619; x_wconf 84' lang='lat' dir='ltr'>csse</span> <span class='ocrx_word' id='word_1_61' title='bbox 806 581 1050 619; x_wconf 86' lang='lat' dir='ltr'>sollicitum.”</span> <span class='ocrx_word' id='word_1_62' title='bbox 1107 580 1203 619; x_wconf 86' lang='lat' dir='ltr'>Haec</span> <span class='ocrx_word' id='word_1_63' title='bbox 1222 580 1406 624; x_wconf 86' lang='lat' dir='ltr'>elocutus,</span> 
     </span>
     <span class='ocr_line' id='line_1_8' title="bbox 65 643 599 694; baseline 0.002 -13"><span class='ocrx_word' id='word_1_64' title='bbox 65 643 260 681; x_wconf 84' lang='lat' dir='ltr'>dexteram</span> <span class='ocrx_word' id='word_1_65' title='bbox 277 643 458 694; x_wconf 89' lang='lat' dir='ltr'>Philippo</span> <span class='ocrx_word' id='word_1_66' title='bbox 479 644 599 682; x_wconf 87' lang='lat' dir='ltr'>offert.</span> 
     </span>
    </p>

    <p class='ocr_par' dir='ltr' id='par_1_3' title="bbox 64 704 1422 2257">
     <span class='ocr_line' id='line_1_9' title="bbox 148 704 1410 757; baseline -0.001 -15"><span class='ocrx_word' id='word_1_67' title='bbox 148 708 203 744; x_wconf 90' lang='lat'>15.</span> <span class='ocrx_word' id='word_1_68' title='bbox 234 704 427 745; x_wconf 67' lang='lat' dir='ltr'>Caeterum</span> <span class='ocrx_word' id='word_1_69' title='bbox 458 711 567 744; x_wconf 88' lang='lat' dir='ltr'>tanta</span> <span class='ocrx_word' id='word_1_70' title='bbox 596 706 655 745; x_wconf 74' lang='lat' dir='ltr'>vis</span> <span class='ocrx_word' id='word_1_71' title='bbox 687 706 948 744; x_wconf 66' lang='lat' dir='ltr'>medicaminis</span> <span class='ocrx_word' id='word_1_72' title='bbox 975 705 1063 755; x_wconf 88' lang='lat' dir='ltr'>fuit,</span> <span class='ocrx_word' id='word_1_73' title='bbox 1091 710 1136 744; x_wconf 89' lang='lat' dir='ltr'>nt</span> <span class='ocrx_word' id='word_1_74' title='bbox 1166 719 1252 757; x_wconf 85' lang='lat' dir='ltr'>quae</span> <span class='ocrx_word' id='word_1_75' title='bbox 1281 709 1410 743; x_wconf 86' lang='lat' dir='ltr'>secuta</span> 
     </span>
     <span class='ocr_line' id='line_1_10' title="bbox 64 767 1410 819; baseline -0.001 -14"><span class='ocrx_word' id='word_1_76' title='bbox 64 773 163 817; x_wconf 83' lang='lat' dir='ltr'>sunt,</span> <span class='ocrx_word' id='word_1_77' title='bbox 206 768 507 806; x_wconf 80' lang='lat' dir='ltr'>criminationem</span> <span class='ocrx_word' id='word_1_78' title='bbox 552 769 816 807; x_wconf 83' lang='lat' dir='ltr'>Parmenionis</span> <span class='ocrx_word' id='word_1_79' title='bbox 861 769 1089 819; x_wconf 76' lang='lat' dir='ltr'>adjuverint.</span> <span class='ocrx_word' id='word_1_80' title='bbox 1173 767 1410 806; x_wconf 87' lang='lat' dir='ltr'>Interclusus</span> 
     </span>
     <span class='ocr_line' id='line_1_11' title="bbox 65 830 1411 883; baseline 0 -15"><span class='ocrx_word' id='word_1_81' title='bbox 65 830 225 880; x_wconf 87' lang='lat' dir='ltr'>spiritus</span> <span class='ocrx_word' id='word_1_82' title='bbox 260 833 364 868; x_wconf 75' lang='lat' dir='ltr'>arcte</span> <span class='ocrx_word' id='word_1_83' title='bbox 399 831 562 879; x_wconf 78' lang='lat' dir='ltr'>meabat,</span> <span class='ocrx_word' id='word_1_84' title='bbox 591 844 661 869; x_wconf 88' lang='lat' dir='ltr'>nee</span> <span class='ocrx_word' id='word_1_85' title='bbox 697 831 905 882; x_wconf 83' lang='lat' dir='ltr'>Philippus</span> <span class='ocrx_word' id='word_1_86' title='bbox 934 831 1141 883; x_wconf 85' lang='lat' dir='ltr'>quidquam</span> <span class='ocrx_word' id='word_1_87' title='bbox 1170 831 1411 881; x_wconf 86' lang='lat' dir='ltr'>inexpertum</span> 
     </span>
     <span class='ocr_line' id='line_1_12' title="bbox 67 893 1412 944; baseline -0.001 -13"><span class='ocrx_word' id='word_1_88' title='bbox 67 893 204 932; x_wconf 87' lang='lat' dir='ltr'>omisit.</span> <span class='ocrx_word' id='word_1_89' title='bbox 276 893 350 931; x_wconf 89' lang='lat' dir='ltr'>Ille</span> <span class='ocrx_word' id='word_1_90' title='bbox 382 893 548 931; x_wconf 88' lang='lat' dir='ltr'>fomenta</span> <span class='ocrx_word' id='word_1_91' title='bbox 578 894 726 944; x_wconf 87' lang='lat' dir='ltr'>corpori</span> <span class='ocrx_word' id='word_1_92' title='bbox 763 894 928 943; x_wconf 84' lang='lat' dir='ltr'>admisit,</span> <span class='ocrx_word' id='word_1_93' title='bbox 964 894 1033 932; x_wconf 92' lang='lat' dir='ltr'>ille</span> <span class='ocrx_word' id='word_1_94' title='bbox 1066 898 1279 944; x_wconf 80' lang='lat' dir='ltr'>torpentem</span> <span class='ocrx_word' id='word_1_95' title='bbox 1315 906 1412 931; x_wconf 90' lang='lat' dir='ltr'>nune</span> 
     </span>
     <span class='ocr_line' id='line_1_13' title="bbox 66 956 1413 1008; baseline 0 -15"><span class='ocrx_word' id='word_1_96' title='bbox 66 956 154 1005; x_wconf 86' lang='lat' dir='ltr'>cibi,</span> <span class='ocrx_word' id='word_1_97' title='bbox 187 969 284 994; x_wconf 85' lang='lat' dir='ltr'>nunc</span> <span class='ocrx_word' id='word_1_98' title='bbox 315 956 433 995; x_wconf 75' lang='lat' dir='ltr'>¹‘vini</span> <span class='ocrx_word' id='word_1_99' title='bbox 462 957 577 994; x_wconf 91' lang='lat' dir='ltr'>odore</span> <span class='ocrx_word' id='word_1_100' title='bbox 604 956 796 995; x_wconf 82' lang='lat' dir='ltr'>excitavit.</span> <span class='ocrx_word' id='word_1_101' title='bbox 852 957 992 1008; x_wconf 82' lang='lat' dir='ltr'>Atque,</span> <span class='ocrx_word' id='word_1_102' title='bbox 1011 961 1055 994; x_wconf 92' lang='lat' dir='ltr'>ut</span> <span class='ocrx_word' id='word_1_103' title='bbox 1082 956 1250 1007; x_wconf 64' lang='lat' dir='ltr'>primum</span> <span class='ocrx_word' id='word_1_104' title='bbox 1275 956 1413 994; x_wconf 88' lang='lat' dir='ltr'>mentis</span> 
     </span>
     <span class='ocr_line' id='line_1_14' title="bbox 67 1018 1414 1070; baseline 0 -15"><span class='ocrx_word' id='word_1_105' title='bbox 67 1023 277 1068; x_wconf 83' lang='lat' dir='ltr'>compotem</span> <span class='ocrx_word' id='word_1_106' title='bbox 305 1031 386 1056; x_wconf 86' lang='lat' dir='ltr'>esse</span> <span class='ocrx_word' id='word_1_107' title='bbox 415 1018 546 1066; x_wconf 89' lang='lat' dir='ltr'>sensit,</span> <span class='ocrx_word' id='word_1_108' title='bbox 576 1018 686 1056; x_wconf 72' lang='lat' dir='ltr'>modo</span> <span class='ocrx_word' id='word_1_109' title='bbox 715 1018 862 1067; x_wconf 89' lang='lat' dir='ltr'>matris,</span> <span class='ocrx_word' id='word_1_110' title='bbox 883 1032 1138 1070; x_wconf 84' lang='lat' dir='ltr'>sororumque,</span> <span class='ocrx_word' id='word_1_111' title='bbox 1157 1019 1268 1057; x_wconf 72' lang='lat' dir='ltr'>modo</span> <span class='ocrx_word' id='word_1_112' title='bbox 1296 1023 1414 1056; x_wconf 81' lang='lat' dir='ltr'>tantae</span> 
     </span>
     <span class='ocr_line' id='line_1_15' title="bbox 67 1079 1412 1131; baseline 0.001 -14"><span class='ocrx_word' id='word_1_113' title='bbox 67 1079 238 1118; x_wconf 79' lang='lat' dir='ltr'>victoriae</span> <span class='ocrx_word' id='word_1_114' title='bbox 272 1080 609 1131; x_wconf 85' lang='lat' dir='ltr'>appropinquantis</span> <span class='ocrx_word' id='word_1_115' title='bbox 648 1079 847 1118; x_wconf 89' lang='lat' dir='ltr'>admonere</span> <span class='ocrx_word' id='word_1_116' title='bbox 884 1093 959 1119; x_wconf 93' lang='lat' dir='ltr'>non</span> <span class='ocrx_word' id='word_1_117' title='bbox 999 1081 1158 1119; x_wconf 83' lang='lat' dir='ltr'>destitit.</span> <span class='ocrx_word' id='word_1_118' title='bbox 1229 1081 1285 1120; x_wconf 89' lang='lat' dir='ltr'>Ut</span> <span class='ocrx_word' id='word_1_119' title='bbox 1322 1082 1412 1119; x_wconf 70' lang='lat' dir='ltr'>vero</span> 
     </span>
     <span class='ocr_line' id='line_1_16' title="bbox 68 1142 1414 1194; baseline 0.001 -14"><span class='ocrx_word' id='word_1_120' title='bbox 68 1142 382 1181; x_wconf 81' lang='lat' dir='ltr'>medicamentum</span> <span class='ocrx_word' id='word_1_121' title='bbox 416 1155 456 1181; x_wconf 90' lang='lat' dir='ltr'>se</span> <span class='ocrx_word' id='word_1_122' title='bbox 493 1143 648 1180; x_wconf 90' lang='lat' dir='ltr'>diffudit</span> <span class='ocrx_word' id='word_1_123' title='bbox 682 1144 725 1180; x_wconf 88' lang='lat' dir='ltr'>in</span> <span class='ocrx_word' id='word_1_124' title='bbox 754 1155 881 1192; x_wconf 88' lang='lat' dir='ltr'>venas,</span> <span class='ocrx_word' id='word_1_125' title='bbox 910 1148 950 1181; x_wconf 88' lang='lat' dir='ltr'>et</span> <span class='ocrx_word' id='word_1_126' title='bbox 982 1144 1121 1182; x_wconf 87' lang='lat' dir='ltr'>sensim</span> <span class='ocrx_word' id='word_1_127' title='bbox 1149 1148 1232 1182; x_wconf 89' lang='lat' dir='ltr'>toto</span> <span class='ocrx_word' id='word_1_128' title='bbox 1260 1156 1414 1194; x_wconf 90' lang='lat' dir='ltr'>corpore</span> 
     </span>
     <span class='ocr_line' id='line_1_17' title="bbox 70 1205 1415 1258; baseline 0 -15"><span class='ocrx_word' id='word_1_129' title='bbox 70 1205 273 1244; x_wconf 85' lang='lat' dir='ltr'>salubritas</span> <span class='ocrx_word' id='word_1_130' title='bbox 290 1205 437 1256; x_wconf 88' lang='lat' dir='ltr'>percipi</span> <span class='ocrx_word' id='word_1_131' title='bbox 463 1205 603 1256; x_wconf 90' lang='lat' dir='ltr'>potuit,</span> <span class='ocrx_word' id='word_1_132' title='bbox 621 1205 744 1256; x_wconf 75' lang='lat' dir='ltr'>primo</span> <span class='ocrx_word' id='word_1_133' title='bbox 776 1206 922 1244; x_wconf 91' lang='lat' dir='ltr'>animus</span> <span class='ocrx_word' id='word_1_134' title='bbox 940 1206 1110 1258; x_wconf 85' lang='lat' dir='ltr'>vigorem</span> <span class='ocrx_word' id='word_1_135' title='bbox 1138 1219 1259 1255; x_wconf 89' lang='lat' dir='ltr'>suum,</span> <span class='ocrx_word' id='word_1_136' title='bbox 1279 1206 1415 1244; x_wconf 88' lang='lat' dir='ltr'>deinde</span> 
     </span>
     <span class='ocr_line' id='line_1_18' title="bbox 70 1268 1416 1321; baseline 0 -15"><span class='ocrx_word' id='word_1_137' title='bbox 70 1280 206 1318; x_wconf 83' lang='lat' dir='ltr'>corpus</span> <span class='ocrx_word' id='word_1_138' title='bbox 223 1281 369 1320; x_wconf 89' lang='lat' dir='ltr'>quoque</span> <span class='ocrx_word' id='word_1_139' title='bbox 388 1268 648 1318; x_wconf 83' lang='lat' dir='ltr'>expectatione</span> <span class='ocrx_word' id='word_1_140' title='bbox 666 1268 858 1306; x_wconf 73' lang='lat' dir='ltr'>maturius</span> <span class='ocrx_word' id='word_1_141' title='bbox 877 1269 1116 1320; x_wconf 87' lang='lat' dir='ltr'>recuperavit</span> <span class='ocrx_word' id='word_1_142' title='bbox 1132 1281 1141 1308; x_wconf 73' lang='grc' dir='ltr'><strong><em>ε</em></strong></span> <span class='ocrx_word' id='word_1_143' title='bbox 1169 1269 1309 1321; x_wconf 88' lang='lat' dir='ltr'>quippe</span> <span class='ocrx_word' id='word_1_144' title='bbox 1329 1275 1416 1320; x_wconf 89' lang='lat' dir='ltr'>post</span> 
     </span>
     <span class='ocr_line' id='line_1_19' title="bbox 71 1330 1415 1383; baseline 0.001 -15"><span class='ocrx_word' id='word_1_145' title='bbox 71 1331 228 1368; x_wconf 88' lang='lat' dir='ltr'>tertium</span> <span class='ocrx_word' id='word_1_146' title='bbox 247 1331 360 1379; x_wconf 90' lang='lat' dir='ltr'>diem,</span> <span class='ocrx_word' id='word_1_147' title='bbox 378 1333 494 1382; x_wconf 76' lang='lat' dir='ltr'>quam</span> <span class='ocrx_word' id='word_1_148' title='bbox 520 1331 561 1368; x_wconf 89' lang='lat' dir='ltr'>in</span> <span class='ocrx_word' id='word_1_149' title='bbox 588 1330 660 1369; x_wconf 88' lang='lat' dir='ltr'>hoe</span> <span class='ocrx_word' id='word_1_150' title='bbox 689 1335 797 1369; x_wconf 89' lang='lat' dir='ltr'>statu</span> <span class='ocrx_word' id='word_1_151' title='bbox 822 1331 963 1381; x_wconf 87' lang='lat' dir='ltr'>fuerat,</span> <span class='ocrx_word' id='word_1_152' title='bbox 978 1331 1019 1370; x_wconf 92' lang='lat' dir='ltr'>in</span> <span class='ocrx_word' id='word_1_153' title='bbox 1048 1337 1291 1383; x_wconf 82' lang='lat' dir='ltr'>conspectum</span> <span class='ocrx_word' id='word_1_154' title='bbox 1319 1332 1415 1370; x_wconf 89' lang='lat' dir='ltr'>mili-</span> 
     </span>
     <span class='ocr_line' id='line_1_20' title="bbox 72 1393 1416 1446; baseline 0.002 -15"><span class='ocrx_word' id='word_1_155' title='bbox 72 1399 155 1431; x_wconf 89' lang='lat' dir='ltr'>tnm</span> <span class='ocrx_word' id='word_1_156' title='bbox 190 1393 305 1432; x_wconf 77' lang='lat' dir='ltr'>venit.</span> <span class='ocrx_word' id='word_1_157' title='bbox 380 1393 418 1431; x_wconf 85' lang='lat' dir='ltr'>N</span> <span class='ocrx_word' id='word_1_158' title='bbox 422 1406 464 1431; x_wconf 90' lang='lat' dir='ltr'>ec</span> <span class='ocrx_word' id='word_1_159' title='bbox 501 1393 655 1432; x_wconf 71' lang='lat' dir='ltr'>avidius</span> <span class='ocrx_word' id='word_1_160' title='bbox 691 1393 816 1444; x_wconf 83' lang='lat' dir='ltr'>ipsum</span> <span class='ocrx_word' id='word_1_161' title='bbox 847 1394 1006 1446; x_wconf 89' lang='lat' dir='ltr'>Regem,</span> <span class='ocrx_word' id='word_1_162' title='bbox 1041 1396 1158 1446; x_wconf 67' lang='lat' dir='ltr'>quam</span> <span class='ocrx_word' id='word_1_163' title='bbox 1192 1395 1416 1446; x_wconf 87' lang='lat' dir='ltr'>Philippum</span> 
     </span>
     <span class='ocr_line' id='line_1_21' title="bbox 72 1456 1416 1509; baseline 0.001 -15"><span class='ocrx_word' id='word_1_164' title='bbox 72 1456 293 1495; x_wconf 85' lang='lat' dir='ltr'>intuebatur</span> <span class='ocrx_word' id='word_1_165' title='bbox 322 1456 536 1495; x_wconf 81' lang='lat' dir='ltr'>exercitus:</span> <span class='ocrx_word' id='word_1_166' title='bbox 563 1469 632 1508; x_wconf 88' lang='lat' dir='ltr'>pro</span> <span class='ocrx_word' id='word_1_167' title='bbox 662 1469 702 1495; x_wconf 89' lang='lat' dir='ltr'>se</span> <span class='ocrx_word' id='word_1_168' title='bbox 731 1457 890 1508; x_wconf 88' lang='lat' dir='ltr'>quisque</span> <span class='ocrx_word' id='word_1_169' title='bbox 917 1457 1110 1497; x_wconf 84' lang='lat' dir='ltr'>dexteram</span> <span class='ocrx_word' id='word_1_170' title='bbox 1138 1459 1220 1508; x_wconf 89' lang='lat' dir='ltr'>ejus</span> <span class='ocrx_word' id='word_1_171' title='bbox 1239 1458 1416 1509; x_wconf 77' lang='lat' dir='ltr'>amplexi,</span> 
     </span>
     <span class='ocr_line' id='line_1_22' title="bbox 72 1518 1418 1572; baseline 0 -15"><span class='ocrx_word' id='word_1_172' title='bbox 72 1523 200 1570; x_wconf 84' lang='lat' dir='ltr'>grates</span> <span class='ocrx_word' id='word_1_173' title='bbox 213 1518 414 1568; x_wconf 87' lang='lat' dir='ltr'>habebant,</span> <span class='ocrx_word' id='word_1_174' title='bbox 431 1519 538 1558; x_wconf 86' lang='lat' dir='ltr'>velut</span> <span class='ocrx_word' id='word_1_175' title='bbox 551 1520 730 1569; x_wconf 76' lang='lat' dir='ltr'>praesenti</span> <span class='ocrx_word' id='word_1_176' title='bbox 741 1519 835 1559; x_wconf 84' lang='lat' dir='ltr'>Deo.</span> <span class='ocrx_word' id='word_1_177' title='bbox 883 1519 921 1558; x_wconf 86' lang='lat' dir='ltr'>N</span> <span class='ocrx_word' id='word_1_178' title='bbox 925 1533 1058 1572; x_wconf 87' lang='lat' dir='ltr'>amque</span> <span class='ocrx_word' id='word_1_179' title='bbox 1071 1520 1172 1559; x_wconf 88' lang='lat' dir='ltr'>hand</span> <span class='ocrx_word' id='word_1_180' title='bbox 1185 1521 1298 1558; x_wconf 77' lang='lat' dir='ltr'>facile</span> <span class='ocrx_word' id='word_1_181' title='bbox 1312 1521 1418 1559; x_wconf 91' lang='lat' dir='ltr'>dictu</span> 
     </span>
     <span class='ocr_line' id='line_1_23' title="bbox 75 1581 1416 1634; baseline 0.002 -16"><span class='ocrx_word' id='word_1_182' title='bbox 75 1586 146 1630; x_wconf 88' lang='lat' dir='ltr'>cst,</span> <span class='ocrx_word' id='word_1_183' title='bbox 164 1586 303 1632; x_wconf 86' lang='lat' dir='ltr'>praeter</span> <span class='ocrx_word' id='word_1_184' title='bbox 320 1581 530 1633; x_wconf 81' lang='lat' dir='ltr'>ingenitam</span> <span class='ocrx_word' id='word_1_185' title='bbox 555 1581 616 1619; x_wconf 92' lang='lat' dir='ltr'>illi</span> <span class='ocrx_word' id='word_1_186' title='bbox 634 1581 738 1632; x_wconf 88' lang='lat' dir='ltr'>genti</span> <span class='ocrx_word' id='word_1_187' title='bbox 756 1595 846 1632; x_wconf 89' lang='lat' dir='ltr'>erga</span> <span class='ocrx_word' id='word_1_188' title='bbox 863 1582 990 1634; x_wconf 86' lang='lat' dir='ltr'>Reges</span> <span class='ocrx_word' id='word_1_189' title='bbox 1018 1595 1107 1634; x_wconf 69' lang='lat' dir='ltr'>suos</span> <span class='ocrx_word' id='word_1_190' title='bbox 1123 1583 1416 1631; x_wconf 83' lang='lat' dir='ltr'>venerationem,</span> 
     </span>
     <span class='ocr_line' id='line_1_24' title="bbox 75 1643 1417 1695; baseline 0.002 -15"><span class='ocrx_word' id='word_1_191' title='bbox 75 1645 263 1695; x_wconf 72' lang='lat' dir='ltr'>quantum</span> <span class='ocrx_word' id='word_1_192' title='bbox 291 1643 406 1693; x_wconf 89' lang='lat' dir='ltr'>hujus</span> <span class='ocrx_word' id='word_1_193' title='bbox 436 1644 567 1694; x_wconf 88' lang='lat' dir='ltr'>utique</span> <span class='ocrx_word' id='word_1_194' title='bbox 597 1643 718 1695; x_wconf 85' lang='lat' dir='ltr'>Regis</span> <span class='ocrx_word' id='word_1_195' title='bbox 753 1644 816 1682; x_wconf 85' lang='lat' dir='ltr'>vel</span> <span class='ocrx_word' id='word_1_196' title='bbox 843 1644 1087 1683; x_wconf 84' lang='lat' dir='ltr'>admirationi</span> <span class='ocrx_word' id='word_1_197' title='bbox 1115 1645 1235 1684; x_wconf 87' lang='lat' dir='ltr'>dediti</span> <span class='ocrx_word' id='word_1_198' title='bbox 1262 1646 1417 1694; x_wconf 85' lang='lat' dir='ltr'>fuerint,</span> 
     </span>
     <span class='ocr_line' id='line_1_25' title="bbox 76 1705 1418 1758; baseline 0.001 -14"><span class='ocrx_word' id='word_1_199' title='bbox 76 1705 137 1744; x_wconf 86' lang='lat' dir='ltr'>vel</span> <span class='ocrx_word' id='word_1_200' title='bbox 168 1705 355 1744; x_wconf 88' lang='lat' dir='ltr'>charitate</span> <span class='ocrx_word' id='word_1_201' title='bbox 384 1706 640 1757; x_wconf 89' lang='lat' dir='ltr'>flagraverint.</span> <span class='ocrx_word' id='word_1_202' title='bbox 710 1706 740 1744; x_wconf 86' lang='lat' dir='ltr'><strong>J</strong></span> <span class='ocrx_word' id='word_1_203' title='bbox 742 1720 803 1744; x_wconf 87' lang='lat' dir='ltr'>am</span> <span class='ocrx_word' id='word_1_204' title='bbox 831 1707 997 1758; x_wconf 76' lang='lat' dir='ltr'>primum</span> <span class='ocrx_word' id='word_1_205' title='bbox 1026 1707 1135 1757; x_wconf 85' lang='lat' dir='ltr'>nihil,</span> <span class='ocrx_word' id='word_1_206' title='bbox 1172 1708 1252 1746; x_wconf 89' lang='lat' dir='ltr'>sine</span> <span class='ocrx_word' id='word_1_207' title='bbox 1288 1708 1418 1747; x_wconf 65' lang='lat' dir='ltr'>divina</span> 
     </span>
     <span class='ocr_line' id='line_1_26' title="bbox 77 1767 1419 1822; baseline 0.001 -14"><span class='ocrx_word' id='word_1_208' title='bbox 77 1781 160 1819; x_wconf 89' lang='lat' dir='ltr'>ope,</span> <span class='ocrx_word' id='word_1_209' title='bbox 179 1767 336 1820; x_wconf 87' lang='lat' dir='ltr'>aggredi</span> <span class='ocrx_word' id='word_1_210' title='bbox 355 1768 565 1807; x_wconf 85' lang='lat' dir='ltr'>videbatur.</span> <span class='ocrx_word' id='word_1_211' title='bbox 624 1770 650 1787; x_wconf 69' lang='lat'>¹⁵</span> <span class='ocrx_word' id='word_1_212' title='bbox 666 1769 704 1807; x_wconf 91' lang='lat' dir='ltr'>N</span> <span class='ocrx_word' id='word_1_213' title='bbox 707 1782 769 1806; x_wconf 91' lang='lat' dir='ltr'>am</span> <span class='ocrx_word' id='word_1_214' title='bbox 795 1773 884 1807; x_wconf 76' lang='lat' dir='ltr'>cum</span> <span class='ocrx_word' id='word_1_215' title='bbox 901 1774 1003 1808; x_wconf 88' lang='lat' dir='ltr'>esset</span> <span class='ocrx_word' id='word_1_216' title='bbox 1029 1773 1170 1821; x_wconf 60' lang='lat' dir='ltr'>praesto</span> <span class='ocrx_word' id='word_1_217' title='bbox 1188 1771 1328 1822; x_wconf 89' lang='lat' dir='ltr'>ubique</span> <span class='ocrx_word' id='word_1_218' title='bbox 1346 1771 1419 1810; x_wconf 87' lang='lat' dir='ltr'>for-</span> 
     </span>
     <span class='ocr_line' id='line_1_27' title="bbox 77 1831 1420 1885; baseline 0.003 -17"><span class='ocrx_word' id='word_1_219' title='bbox 77 1836 184 1880; x_wconf 87' lang='lat' dir='ltr'>tuna,</span> <span class='ocrx_word' id='word_1_220' title='bbox 204 1831 400 1869; x_wconf 87' lang='lat' dir='ltr'>temeritas</span> <span class='ocrx_word' id='word_1_221' title='bbox 428 1831 469 1869; x_wconf 90' lang='lat' dir='ltr'>in</span> <span class='ocrx_word' id='word_1_222' title='bbox 497 1831 659 1883; x_wconf 89' lang='lat' dir='ltr'>gloriam</span> <span class='ocrx_word' id='word_1_223' title='bbox 687 1836 873 1871; x_wconf 89' lang='lat' dir='ltr'>cesserat:</span> <span class='ocrx_word' id='word_1_224' title='bbox 905 1833 1035 1872; x_wconf 79' lang='lat' dir='ltr'>¹⁶aetas</span> <span class='ocrx_word' id='word_1_225' title='bbox 1053 1846 1199 1885; x_wconf 86' lang='lat' dir='ltr'>quoque</span> <span class='ocrx_word' id='word_1_226' title='bbox 1217 1834 1283 1872; x_wconf 85' lang='lat' dir='ltr'>vix</span> <span class='ocrx_word' id='word_1_227' title='bbox 1301 1834 1420 1872; x_wconf 87' lang='lat' dir='ltr'>tantis</span> 
     </span>
     <span class='ocr_line' id='line_1_28' title="bbox 77 1893 1421 1948; baseline 0.002 -17"><span class='ocrx_word' id='word_1_228' title='bbox 77 1898 228 1931; x_wconf 88' lang='lat' dir='ltr'>matura</span> <span class='ocrx_word' id='word_1_229' title='bbox 253 1893 379 1942; x_wconf 86' lang='lat' dir='ltr'>rebus,</span> <span class='ocrx_word' id='word_1_230' title='bbox 399 1893 466 1932; x_wconf 89' lang='lat' dir='ltr'>sed</span> <span class='ocrx_word' id='word_1_231' title='bbox 491 1894 640 1932; x_wconf 79' lang='lat' dir='ltr'>abunde</span> <span class='ocrx_word' id='word_1_232' title='bbox 673 1895 873 1944; x_wconf 87' lang='lat' dir='ltr'>sufficiens,</span> <span class='ocrx_word' id='word_1_233' title='bbox 894 1895 1020 1934; x_wconf 88' lang='lat' dir='ltr'>omnia</span> <span class='ocrx_word' id='word_1_234' title='bbox 1048 1896 1165 1934; x_wconf 87' lang='lat' dir='ltr'>etiam</span> <span class='ocrx_word' id='word_1_235' title='bbox 1197 1898 1278 1947; x_wconf 87' lang='lat' dir='ltr'>ejus</span> <span class='ocrx_word' id='word_1_236' title='bbox 1307 1910 1421 1948; x_wconf 88' lang='lat' dir='ltr'>opera</span> 
     </span>
     <span class='ocr_line' id='line_1_29' title="bbox 79 1955 1420 2010; baseline 0.004 -17"><span class='ocrx_word' id='word_1_237' title='bbox 79 1955 325 1994; x_wconf 86' lang='lat' dir='ltr'>honestabat:</span> <span class='ocrx_word' id='word_1_238' title='bbox 365 1961 404 1994; x_wconf 92' lang='lat' dir='ltr'>et</span> <span class='ocrx_word' id='word_1_239' title='bbox 434 1970 518 2008; x_wconf 87' lang='lat' dir='ltr'>quae</span> <span class='ocrx_word' id='word_1_240' title='bbox 545 1956 691 1995; x_wconf 86' lang='lat' dir='ltr'>leviora</span> <span class='ocrx_word' id='word_1_241' title='bbox 718 1957 852 1996; x_wconf 88' lang='lat' dir='ltr'>haberi</span> <span class='ocrx_word' id='word_1_242' title='bbox 882 1957 1014 2007; x_wconf 86' lang='lat' dir='ltr'>solent,</span> <span class='ocrx_word' id='word_1_243' title='bbox 1051 1958 1268 2010; x_wconf 87' lang='lat' dir='ltr'>plerumque</span> <span class='ocrx_word' id='word_1_244' title='bbox 1304 1959 1345 1997; x_wconf 92' lang='lat' dir='ltr'>in</span> <span class='ocrx_word' id='word_1_245' title='bbox 1378 1973 1420 1998; x_wconf 90' lang='lat' dir='ltr'>re</span> 
     </span>
     <span class='ocr_line' id='line_1_30' title="bbox 79 2018 1419 2073; baseline 0.003 -17"><span class='ocrx_word' id='word_1_246' title='bbox 79 2018 240 2057; x_wconf 84' lang='lat' dir='ltr'>militari</span> <span class='ocrx_word' id='word_1_247' title='bbox 267 2019 440 2070; x_wconf 88' lang='lat' dir='ltr'>gratiora</span> <span class='ocrx_word' id='word_1_248' title='bbox 457 2019 572 2071; x_wconf 82' lang='lat' dir='ltr'>vulgo</span> <span class='ocrx_word' id='word_1_249' title='bbox 601 2024 715 2069; x_wconf 79' lang='lat' dir='ltr'>sunt3</span> <span class='ocrx_word' id='word_1_250' title='bbox 745 2020 968 2059; x_wconf 80' lang='lat' dir='ltr'>exercitatio</span> <span class='ocrx_word' id='word_1_251' title='bbox 987 2022 1158 2072; x_wconf 89' lang='lat' dir='ltr'>corporis</span> <span class='ocrx_word' id='word_1_252' title='bbox 1176 2021 1278 2060; x_wconf 88' lang='lat' dir='ltr'>inter</span> <span class='ocrx_word' id='word_1_253' title='bbox 1304 2022 1419 2073; x_wconf 88' lang='lat' dir='ltr'>ipsos,</span> 
     </span>
     <span class='ocr_line' id='line_1_31' title="bbox 81 2080 1421 2134; baseline 0.004 -16"><span class='ocrx_word' id='word_1_254' title='bbox 81 2080 206 2119; x_wconf 86' lang='lat' dir='ltr'>cultus</span> <span class='ocrx_word' id='word_1_255' title='bbox 243 2081 469 2133; x_wconf 82' lang='lat' dir='ltr'>habitusque</span> <span class='ocrx_word' id='word_1_256' title='bbox 504 2082 705 2132; x_wconf 72' lang='lat' dir='ltr'>paululum</span> <span class='ocrx_word' id='word_1_257' title='bbox 742 2096 765 2120; x_wconf 90' lang='lat' dir='ltr'>a</span> <span class='ocrx_word' id='word_1_258' title='bbox 801 2083 951 2134; x_wconf 89' lang='lat' dir='ltr'>privato</span> <span class='ocrx_word' id='word_1_259' title='bbox 988 2083 1204 2134; x_wconf 83' lang='lat' dir='ltr'>abhorrens,</span> <span class='ocrx_word' id='word_1_260' title='bbox 1239 2085 1421 2123; x_wconf 89' lang='lat' dir='ltr'>militaris</span> 
     </span>
     <span class='ocr_line' id='line_1_32' title="bbox 82 2143 1422 2197; baseline 0.002 -16"><span class='ocrx_word' id='word_1_261' title='bbox 82 2143 212 2194; x_wconf 77' lang='lat' dir='ltr'>vigor3</span> <span class='ocrx_word' id='word_1_262' title='bbox 252 2144 360 2195; x_wconf 88' lang='lat' dir='ltr'>queis</span> <span class='ocrx_word' id='word_1_263' title='bbox 392 2145 458 2183; x_wconf 90' lang='lat' dir='ltr'>ille</span> <span class='ocrx_word' id='word_1_264' title='bbox 485 2143 547 2183; x_wconf 80' lang='lat' dir='ltr'>vel</span> <span class='ocrx_word' id='word_1_265' title='bbox 577 2145 723 2197; x_wconf 90' lang='lat' dir='ltr'>ingenii</span> <span class='ocrx_word' id='word_1_266' title='bbox 753 2145 920 2194; x_wconf 79' lang='lat' dir='ltr'>dotibus,</span> <span class='ocrx_word' id='word_1_267' title='bbox 949 2146 1011 2185; x_wconf 83' lang='lat' dir='ltr'>vel</span> <span class='ocrx_word' id='word_1_268' title='bbox 1039 2147 1156 2186; x_wconf 90' lang='lat' dir='ltr'>animi</span> <span class='ocrx_word' id='word_1_269' title='bbox 1189 2148 1349 2196; x_wconf 81' lang='lat' dir='ltr'>artibus,</span> <span class='ocrx_word' id='word_1_270' title='bbox 1378 2153 1422 2186; x_wconf 90' lang='lat' dir='ltr'>ut</span> 
     </span>
     <span class='ocr_line' id='line_1_33' title="bbox 82 2205 1001 2257; baseline 0.005 -15"><span class='ocrx_word' id='word_1_271' title='bbox 82 2205 225 2256; x_wconf 82' lang='lat' dir='ltr'>pariter</span> <span class='ocrx_word' id='word_1_272' title='bbox 243 2219 352 2245; x_wconf 87' lang='lat' dir='ltr'>carus</span> <span class='ocrx_word' id='word_1_273' title='bbox 370 2219 414 2246; x_wconf 86' lang='lat' dir='ltr'>ae</span> <span class='ocrx_word' id='word_1_274' title='bbox 426 2208 663 2246; x_wconf 75' lang='lat' dir='ltr'>venerandus</span> <span class='ocrx_word' id='word_1_275' title='bbox 682 2213 794 2257; x_wconf 88' lang='lat' dir='ltr'>esset,</span> <span class='ocrx_word' id='word_1_276' title='bbox 816 2209 1001 2248; x_wconf 85' lang='lat' dir='ltr'>effecerat.</span> 
     </span>
    </p>

    <p class='ocr_par' dir='ltr' id='par_1_4' title="bbox 84 2267 1422 2510">
     <span class='ocr_line' id='line_1_34' title="bbox 164 2267 1422 2321; baseline 0.002 -15"><span class='ocrx_word' id='word_1_277' title='bbox 164 2267 263 2307; x_wconf 90' lang='lat' dir='ltr'><strong>VII.</strong></span> <span class='ocrx_word' id='word_1_278' title='bbox 298 2271 355 2308; x_wconf 90' lang='grc'>16.</span> <span class='ocrx_word' id='word_1_279' title='bbox 384 2271 442 2308; x_wconf 85' lang='lat' dir='ltr'>At</span> <span class='ocrx_word' id='word_1_280' title='bbox 476 2269 620 2308; x_wconf 88' lang='lat' dir='ltr'>Darius</span> <span class='ocrx_word' id='word_1_281' title='bbox 646 2272 784 2309; x_wconf 87' lang='lat' dir='ltr'>nuncio</span> <span class='ocrx_word' id='word_1_282' title='bbox 820 2271 868 2309; x_wconf 86' lang='lat' dir='ltr'>de</span> <span class='ocrx_word' id='word_1_283' title='bbox 904 2271 1065 2311; x_wconf 70' lang='lat' dir='ltr'>adversa</span> <span class='ocrx_word' id='word_1_284' title='bbox 1097 2272 1313 2311; x_wconf 84' lang='lat' dir='ltr'>valetudine</span> <span class='ocrx_word' id='word_1_285' title='bbox 1340 2273 1422 2321; x_wconf 85' lang='lat' dir='ltr'>ejus</span> 
     </span>
     <span class='ocr_line' id='line_1_35' title="bbox 84 2331 1420 2386; baseline 0.002 -19"><span class='ocrx_word' id='word_1_286' title='bbox 84 2335 247 2380; x_wconf 82' lang='lat' dir='ltr'>accepte,</span> <span class='ocrx_word' id='word_1_287' title='bbox 266 2331 473 2380; x_wconf 88' lang='lat' dir='ltr'>celeritate,</span> <span class='ocrx_word' id='word_1_288' title='bbox 490 2337 673 2384; x_wconf 89' lang='lat' dir='ltr'>quantam</span> <span class='ocrx_word' id='word_1_289' title='bbox 700 2346 833 2384; x_wconf 85' lang='lat' dir='ltr'>capere</span> <span class='ocrx_word' id='word_1_290' title='bbox 852 2339 930 2372; x_wconf 89' lang='lat' dir='ltr'>tam</span> <span class='ocrx_word' id='word_1_291' title='bbox 957 2348 1073 2386; x_wconf 86' lang='lat' dir='ltr'>grave</span> <span class='ocrx_word' id='word_1_292' title='bbox 1100 2348 1234 2386; x_wconf 88' lang='lat' dir='ltr'>agmen</span> <span class='ocrx_word' id='word_1_293' title='bbox 1261 2339 1420 2385; x_wconf 88' lang='lat' dir='ltr'>poterat,</span> 
     </span>
     <span class='ocr_line' id='line_1_36' title="bbox 84 2392 1422 2448; baseline 0.003 -18"><span class='ocrx_word' id='word_1_294' title='bbox 84 2392 134 2431; x_wconf 84' lang='lat' dir='ltr'>ad</span> <span class='ocrx_word' id='word_1_295' title='bbox 170 2392 410 2443; x_wconf 83' lang='lat' dir='ltr'>Euphratem</span> <span class='ocrx_word' id='word_1_296' title='bbox 443 2395 660 2434; x_wconf 84' lang='lat' dir='ltr'>contendit:</span> <span class='ocrx_word' id='word_1_297' title='bbox 700 2397 710 2414; x_wconf 93' lang='lat'>¹</span> <span class='ocrx_word' id='word_1_298' title='bbox 720 2397 927 2447; x_wconf 82' lang='lat' dir='ltr'>junctoque</span> <span class='ocrx_word' id='word_1_299' title='bbox 964 2410 1007 2436; x_wconf 89' lang='lat' dir='ltr'>eo</span> <span class='ocrx_word' id='word_1_300' title='bbox 1037 2397 1228 2448; x_wconf 89' lang='lat' dir='ltr'>pontibus,</span> <span class='ocrx_word' id='word_1_301' title='bbox 1260 2396 1422 2447; x_wconf 89' lang='lat' dir='ltr'>quinque</span> 
     </span>
     <span class='ocr_line' id='line_1_37' title="bbox 86 2455 1420 2510; baseline 0.002 -16"><span class='ocrx_word' id='word_1_302' title='bbox 86 2459 212 2494; x_wconf 77' lang='lat' dir='ltr'>tamen</span> <span class='ocrx_word' id='word_1_303' title='bbox 231 2455 366 2496; x_wconf 88' lang='lat' dir='ltr'>dicbus</span> <span class='ocrx_word' id='word_1_304' title='bbox 398 2457 552 2507; x_wconf 78' lang='lat' dir='ltr'>traJeeit</span> <span class='ocrx_word' id='word_1_305' title='bbox 576 2458 797 2506; x_wconf 81' lang='lat' dir='ltr'>exercitum,</span> <span class='ocrx_word' id='word_1_306' title='bbox 818 2458 991 2498; x_wconf 87' lang='lat' dir='ltr'>Ciliciam</span> <span class='ocrx_word' id='word_1_307' title='bbox 1018 2472 1198 2510; x_wconf 84' lang='lat' dir='ltr'>occupare</span> <span class='ocrx_word' id='word_1_308' title='bbox 1225 2458 1420 2497; x_wconf 83' lang='lat' dir='ltr'>festinans.</span> 
     </span>
    </p>
   </div>
  </div>
 </body>
</html>
