1583 2680
127 115 176 152 80
589 127 773 160 QUINTI
814 127 998 153 cunTn

173 219 198 244 4.
217 218 334 251 Captivo
346 219 468 251 quodam
480 219 533 245 iter
545 220 640 252 paucis
651 220 797 253 cognitum
814 220 964 252 aperiente,
978 218 1125 245 Persarum
1145 221 1299 247 exercitum
1316 222 1376 254 ipso
1391 221 1457 247 Ario

115 261 238 291 ,barzane
249 263 338 288 occiso
350 262 426 288 delet
437 263 605 290 Alexander.

168 307 191 331 5.
210 305 256 331 Ad
269 305 440 338 Persepolim
452 313 600 339 properans
613 307 786 339 captivorum
801 307 963 333 Graecorum
976 308 1095 339 quatuor
1106 306 1193 332 millia
1204 307 1310 333 liberat.

169 349 192 374 6.
211 348 427 381 Opulentissima
440 349 582 382 Persepoli
595 350 710 382 direpta,
720 351 880 375 interiorem
893 350 1015 376 Persidis
1023 351 1165 383 regionem
1177 351 1255 383 petit,
1264 358 1296 376 ac
1304 351 1455 377 Mardoi-uu

119 393 215 418 domat
224 394 345 425 gentem.

167 436 190 462 7.
209 436 368 462 Alexander
379 437 408 462 in
421 438 554 463 convivio
566 445 582 463 a
593 437 700 463 Thaide
717 437 833 470 aliisque
851 437 1036 463 castrensibus
1050 439 1147 464 scortis
1159 437 1304 471 impulsus,
1318 438 1458 464 Persai-uir

118 480 221 512 regiam
232 480 370 506 incendit:
389 481 490 507 deinde
501 481 630 514 persequi
641 481 758 506 Darium
770 481 875 507 statuit.

167 524 189 548 8.
209 523 287 549 Darii
299 531 365 550 suos
377 524 412 550 ad
424 531 548 557 pugnam
565 525 700 550 hortantis
712 525 807 551 oratio.

166 566 188 591 9.
207 566 300 592 Variae
316 569 482 600 magnatum
502 569 654 600 sententiaa,
668 576 699 594 ac
711 568 858 600 tumultus,
872 568 907 594 ob
919 567 1099 600 Nabarzanis,
1112 569 1160 601 qui
1182 575 1248 594 cum
1267 568 1353 594 Besso
1374 568 1454 600 prodi

116 610 200 635 tionis
211 611 372 636 societatem
384 612 490 643 inierat,
504 612 657 638 consilium.

164 653 204 679 10.
223 653 303 679 Bessi
316 656 345 680 et
356 654 529 681 Nabarzanis
541 655 576 681 dc
588 655 674 681 Dario
686 655 828 688 prodendo
846 657 895 681 aut
907 655 1056 681 occidendo
1067 655 1173 682 nefaria
1185 655 1360 681 deliberatio:
1380 662 1464 687 quam

115 697 193 722 miris
206 697 313 723 artibus
325 698 473 725 occultant.

162 740 202 766 11.
222 740 332 766 Insidiae
344 742 520 773 proditorum
540 741 619 767 Darii
631 742 804 774 aperiuntur,
818 742 866 774 qui
878 741 1041 768 Graecorum
1058 748 1179 775 praesens
1196 743 1345 774 tutumque
1357 742 1464 773 respuit

113 785 259 816 auxilium,
272 787 383 817 paratus
395 785 492 817 perire,
505 785 528 810 si
540 785 650 810 salvum
663 792 721 811 esse
733 785 841 810 nollent
851 786 895 810 sui
906 785 1018 811 milites.

162 829 202 853 12.
221 828 324 854 Bessus
335 828 455 853 Darium
473 828 546 854 fictis
557 829 651 854 verbis
663 830 692 854 et
703 828 835 861 lacrymis
847 828 976 854 delusum
993 828 1213 861 comprehendit,
1226 829 1373 860 aureisque
1385 828 1462 854 winc-

113 874 174 897 tum
186 872 375 904 compedibus,
388 872 418 897 in
430 872 542 897 sordido
554 872 684 897 vehiculo
697 872 797 897 deduci
814 873 899 898 curat.

161 915 200 941 13.
219 915 385 948 Alexander,
403 916 500 941 audito
519 916 598 942 Darii
617 915 749 948 periculo,
767 916 803 942 ad
823 915 972 942 Persarum
993 916 1147 942 exercitum
1166 916 1316 942 contendit.
1360 915 1463 942 Bessus

111 961 206 985 autem
219 967 284 985 eum
295 959 439 992 parricidis
451 959 511 985 aliis
523 967 600 985 arma
611 959 781 992 vultumque
793 961 922 985 metuens
930 961 1053 992 victoris,
1063 960 1182 985 Darium
1194 959 1291 985 multis
1303 960 1460 986 confossum

111 1003 274 1030 vulneribus
285 1004 427 1036 relinquit,
439 1003 562 1036 fugaque
574 1003 626 1029 sibi
639 1003 780 1029 consulere
793 1005 915 1029 conatur.

191 1100 223 1139 I.
261 1103 289 1138 1.
322 1100 423 1146 Qum
458 1099 616 1137 interim
650 1099 792 1137 ¹duetu
821 1099 1054 1151 imperioque
1082 1099 1309 1149 Alexandri,
1330 1099 1390 1138 vel
1418 1100 1459 1138 in

113 1164 272 1212 Graeci-21,
292 1164 355 1203 vel
373 1163 414 1200 in
433 1163 592 1214 Illyriis,
614 1175 657 1200 ae
678 1163 843 1202 Thracia
871 1168 980 1215 gesta
1007 1167 1104 1212 sunt,
1125 1162 1157 1201 si
1175 1176 1334 1214 quaeque
1353 1164 1366 1181 ²
1379 1163 1458 1202 suis

113 1227 347 1277 temporibus
380 1227 538 1265 reddere
570 1227 738 1276 voluero,
777 1226 1096 1277 interrumpendae
1128 1231 1219 1265 sunt
1250 1240 1310 1265 res
1338 1227 1456 1276 Asiae,

112 1292 123 1308 ³
136 1303 230 1342 quas
248 1291 380 1342 utique
400 1290 448 1328 ad
466 1291 597 1341 fugam
612 1295 844 1341 mortemque
856 1290 966 1328 Darii
985 1290 1181 1329 universas
1200 1291 1240 1328 in
1258 1295 1459 1341 conspeetu

113 1353 216 1403 dari,
249 1358 288 1391 et
318 1354 415 1391 sieut
446 1353 549 1391 inter
569 1366 609 1391 se
639 1353 831 1392 cohaerent
849 1358 1027 1404 tempore,
1047 1354 1103 1392 ita
1130 1367 1241 1404 opere
1272 1354 1353 1404 ipso
1373 1367 1456 1392 eon-

117 1417 241 1468 juugi,
259 1413 363 1454 h'aud
392 1417 504 1467 paulo
542 1417 666 1467 aptius
697 1417 821 1455 videri
849 1421 985 1467 potest.
1041 1417 1181 1469 Igitur,
1212 1431 1296 1468 quae
1325 1417 1456 1468 praelio

110 1481 210 1532 apud
240 1481 386 1519 Arbela
416 1481 616 1530 conjuncta
653 1485 754 1529 sunt,
787 1479 915 1518 ordiar
946 1480 1083 1519 dicere.
1154 1480 1296 1518 Darius
1326 1480 1457 1518 media

109 1545 188 1582 fere
218 1549 328 1582 nocte
361 1544 505 1582 Arbela
535 1549 768 1594 pervenerat,
801 1543 1007 1595 eedemque
1035 1556 1183 1596 magnae
1218 1544 1338 1594 partis
1366 1545 1457 1583 ami-

109 1621 236 1646 corum
268 1609 350 1657 ejus
384 1621 426 1646 ae
457 1607 622 1645 militum
650 1607 781 1659 fugam
809 1608 965 1646 fortuna
1006 1608 1248 1658 compulerat.
1307 1608 1456 1654 Quibus

109 1672 336 1720 convocatis,
357 1671 521 1721 exponit,
541 1671 644 1708 haud
664 1671 841 1709 dubitare
860 1684 911 1719 sc,
931 1671 1023 1722 quin
1052 1672 1276 1710 Alexander
1295 1672 1456 1710 celeber-

109 1735 223 1773 rimas
241 1735 369 1783 urbes,
390 1747 570 1785 agrosque
590 1734 691 1772 omni
710 1734 819 1784 copiti
837 1747 965 1772 rerum
997 1735 1243 1783 abundantes,
1262 1735 1456 1784 petiturus

110 1803 232 1836 esset:
272 1798 440 1848 praedam
478 1797 644 1848 opimam
676 1801 923 1848 paratamque
960 1798 1082 1847 ipsum
1120 1802 1159 1835 et
1194 1798 1336 1835 milites
1374 1800 1455 1849 ejus

110 1868 290 1912 spectare.
347 1861 397 1899 Id
429 1861 506 1899 suis
538 1860 650 1899 rebus
679 1860 750 1897 tali
770 1860 809 1897 in
829 1864 931 1898 statu
951 1861 1088 1898 ‘saluti
1115 1861 1218 1899 sore:
1247 1862 1386 1912 quippe
1414 1876 1454 1900 se

109 1926 256 1963 deserta
275 1939 361 1962 eum
392 1924 571 1974 expedita
604 1937 717 1961 manu
746 1923 966 1974 petiturum.
1024 1923 1173 1962 Ultima
1199 1925 1306 1976 regni
1333 1925 1454 1964 adhue

111 1989 250 2026 intaeta
269 2001 348 2026 esse
365 2002 373 2026 :
402 1988 492 2025 inde
511 1987 610 2026 bello
626 1987 726 2025 vires
746 1986 846 2024 haud
859 1988 958 2038 trgi-e
979 1992 1251 2037 reparaturum.
1308 1989 1320 2006 ⁶
1334 1988 1454 2028 Occu-

110 2056 217 2102 paret
246 2053 335 2089 sane
366 2065 496 2102 gazam
526 2050 750 2088 avidissima
779 2062 884 2101 genS,
906 2055 943 2087 et
963 2063 1011 2088 cx
1042 2050 1153 2101 longzi
1175 2051 1275 2089 fame
1295 2051 1454 2090 satiaret

110 2128 149 2153 se
187 2128 289 2162 auro,
322 2127 409 2151 mox
441 2115 573 2151 futura
604 2113 744 2163 praedae
772 2113 856 2151 sibi.
923 2113 1113 2151 Didieisse
1140 2127 1221 2161 usu,
1251 2115 1453 2164 pretiosam

110 2177 392 2228 supellectilem,
429 2177 654 2227 pellicesque
691 2181 729 2213 et
767 2176 975 2225 spadonum
1013 2178 1177 2228 agmina,
1212 2177 1308 2215 nihil
1347 2177 1452 2216 aliud

110 2241 239 2289 fnisse,
261 2241 376 2291 quzim
399 2253 510 2276 onera
538 2244 575 2275 et
605 2238 882 2289 impedimenta.
943 2239 1087 2277 Eadem
1107 2239 1316 2278 trahentem
1337 2240 1452 2278 Alex-

110 2303 281 2351 andrum,
301 2303 313 2319 ⁰
327 2302 464 2353 quibus
484 2303 597 2338 antea
618 2301 783 2349 vicisset,
813 2301 1027 2339 inferiorem
1048 2303 1140 2340 sore.
1197 2303 1318 2340 Plena
1337 2303 1451 2341 omni·

113 2368 179 2407 bus
199 2366 474 2417 desperationis
503 2365 702 2403 ridebatur
722 2365 853 2412 oratio,
882 2365 1020 2415 quippi·
1051 2366 1286 2417 Babylonem
1319 2367 1448 2404 urbem

110 2432 428 2483 opulentissimam
451 2431 536 2468 dedi
568 2430 808 2468 cernentibus
826 2443 832 2467 :
860 2432 937 2480 jum
959 2432 1066 2479 Susa,
1094 2433 1173 2481 jam
1193 2436 1326 2470 caetera
1345 2444 1449 2471 orna·
