1583 2680
120 80 192 117 130
580 91 766 123 QUINTI
804 91 990 117 cun-[11

114 183 302 221 satellites
337 182 554 231 traduntur,
585 196 747 234 quorum
780 183 948 234 singulos
982 182 1071 221 deni
1108 183 1288 234 armigeri
1327 195 1455 235 seque·

114 246 266 285 bantur.
325 246 370 299 Ii
396 246 444 284 ad
475 247 569 284 alios
601 249 818 297 conjuratos
852 246 1226 297 comprehendendos
1257 247 1458 285 distributi

116 314 218 347 sunt.
276 309 437 346 Attaras
468 322 554 346 cum
586 310 770 347 trecentis
799 309 848 346 ad
882 309 1078 347 Philotam
1105 309 1256 357 missus,
1286 309 1460 346 clausum

114 372 262 410 aditum
284 372 422 409 domus
451 372 693 420 moliebatur,
714 372 990 423 quinquaginta
1021 374 1205 422 juvenum
1224 372 1460 423 promptissi-

113 436 189 473 mis
209 435 386 485 stipatus.
444 435 546 473 Nam
566 440 726 473 caeteros
746 435 899 486 cingere
918 435 1087 486 undique
1108 435 1262 473 domum
1278 437 1460 485 jusserat,

112 511 159 536 ne
180 498 329 536 occulto
350 497 460 535 aditu
480 498 657 536 Philotas
684 503 816 548 posset
835 497 946 536 elabi.
1003 498 1134 546 Illum,
1155 498 1234 537 sive
1254 498 1461 536 securitate

115 562 244 610 animi,
266 561 347 599 sive
378 561 603 611 fatigatione
630 561 856 610 resolutum,
878 574 1033 599 somnus
1053 566 1317 612 oppresserat:
1346 574 1461 612 quem

113 625 275 662 Attaras
306 628 523 674 torpentem
544 624 704 662 16adhuc
724 630 894 675 occupat.
954 625 1127 662 Tandem
1154 625 1200 672 ei,
1230 637 1366 675 sopore
1386 624 1458 661 dis-

115 700 237 733 cusso,
258 701 345 725 cum
375 687 625 737 injicerentur
645 692 800 737 catenae,
843 691 864 709 “
882 688 1027 736 Vicit,’'
1048 688 1186 738 inquit,
1207 687 1461 725 “bonitatem

113 755 230 799 tuam,
269 751 370 798 Rex,
408 750 650 788 inimicorum
694 764 866 788 meorum
904 750 1130 789 acerbitas.’'
1215 749 1252 788 N
1257 763 1304 788 ec
1349 749 1463 800 plura

112 813 296 859 locutum,
318 813 442 863 capite
461 813 603 863 velato,
622 813 661 850 in
679 813 822 863 regiam
840 813 1047 851 adducunt.
1105 813 1268 851 Postero
1289 813 1351 850 die
1372 813 1462 850 Rex

114 876 249 924 edixit,
271 888 401 914 omnes
421 876 558 913 armati
589 876 747 914 coirent.
826 876 904 915 Sex
923 876 1046 914 millia
1065 876 1145 914 fere
1165 876 1334 914 militum
1352 889 1460 914 vene-

111 944 225 978 rant:
271 940 462 990 praeterea
495 938 611 978 turba
646 939 813 977 lixarum
842 939 1092 990 calonumque
1121 939 1376 990 impleverant
1404 952 1460 977 re-

111 1003 222 1054 giam.
281 1003 477 1041 Philotam
508 1002 688 1054 armigeri
718 1003 868 1054 agmine
901 1016 970 1040 suo
989 1003 1184 1054 tegebant,
1200 1016 1248 1040 ne
1267 1003 1358 1040 ante
1378 1015 1460 1039 con-

112 1067 209 1117 spici
227 1071 357 1117 posset
376 1080 398 1103 a
417 1066 534 1117 vulgo
554 1066 672 1117 quam
691 1065 780 1104 Rex
800 1066 989 1104 allocutus
1009 1066 1152 1104 milites
1173 1070 1286 1104 esset.
1359 1066 1384 1083 ¹⁷
1400 1065 1459 1103 De

112 1130 343 1180 capitalibus
375 1130 490 1168 rebus
509 1134 664 1167 vetusto
687 1129 942 1167 Macedonum
973 1129 1086 1167 modo
1114 1129 1333 1180 inquirebat
1353 1142 1459 1166 exer-

113 1194 232 1231 citus..
283 1194 330 1232 In
350 1207 443 1244 pace
466 1192 490 1210 ¹⁹
504 1197 587 1230 crat
605 1193 723 1244 vulgi.
795 1193 908 1230 Nihil
926 1198 1098 1243 potestas
1118 1193 1272 1244 Regum
1290 1192 1456 1240 valebat,

111 1257 187 1294 nisi
227 1257 338 1307 prius
371 1256 558 1295 valuisset
600 1256 853 1294 ¹⁰auctoritas.
929 1256 1059 1307 Igitur
1103 1256 1273 1306 primum
1312 1256 1459 1306 Dymni

113 1320 273 1359 cadaver
291 1320 469 1368 infertur,
490 1319 680 1370 plerisque
699 1319 792 1370 quid
805 1322 992 1370 parasset,
1013 1333 1134 1371 quove
1153 1333 1244 1358 casu
1264 1320 1458 1358 extinctus

113 1388 226 1432 esset,
247 1384 401 1434 ignaris.

192 1447 266 1485 IX.
299 1449 359 1484 26.
390 1447 479 1484 Rex
512 1446 651 1484 deinde
686 1446 724 1483 in
757 1446 975 1484 concionem
1008 1446 1192 1496 procedit,
1221 1446 1334 1484 vultu
1363 1459 1456 1496 prae-

112 1511 237 1548 ferens
258 1510 428 1548 dolorem
449 1510 575 1547 animi.
652 1510 877 1548 Amicorum
896 1522 1046 1560 quoque
1064 1509 1247 1547 moestitia
1266 1515 1460 1560 exspecta-

111 1574 255 1611 tionem
274 1573 377 1610 haud
396 1587 553 1623 parvam
572 1573 629 1610 rei
647 1573 803 1610 fecerat.
850 1573 932 1610 Diu
952 1573 1052 1622 Rex,
1073 1573 1237 1611 demisso
1258 1573 1297 1610 in
1317 1579 1460 1614 terram

111 1637 233 1685 vultu,
268 1636 434 1674 attonito
469 1636 715 1687 stupentique
749 1636 886 1674 similis
920 1636 1039 1674 stetit.
1096 1636 1268 1674 Tandem
1304 1644 1458 1689 recepto

111 1701 247 1748 animo,
278 1702 299 1721 “
318 1700 461 1747 Pene,”
482 1700 623 1751 inquit,
643 1702 664 1720 “
679 1699 834 1748 milites,
854 1713 1063 1750 paucorum
1095 1699 1293 1737 hominum
1313 1701 1457 1739 scelere

110 1763 220 1801 vobis
241 1768 394 1813 ereptus
415 1776 508 1801 sum.
567 1762 696 1800 Deum
718 1763 983 1813 ¹providcntiat
1004 1767 1043 1800 et
1065 1762 1329 1800 misericordia
1347 1763 1456 1802 vivo:

111 1831 412 1877 conspectusque
431 1831 558 1864 vester
577 1826 589 1843 ²
603 1825 834 1863 venerabilis
868 1825 982 1876 cogit,
1003 1830 1047 1862 ut
1080 1825 1342 1864 vehementius
1375 1840 1456 1877 par-

112 1890 242 1927 ricidis
276 1890 426 1937 irascar,
448 1889 629 1940 quoniam
656 1901 868 1939 supremuS,
890 1889 964 1926 imo
992 1902 1091 1926 nnus
1118 1889 1210 1927 vitae
1242 1903 1337 1928 mcae
1357 1891 1454 1929 fruc-

112 1958 174 1989 tus
195 1958 266 2000 cst,
288 1958 346 1990 tot
380 1952 600 1990 fortissimis
620 1952 712 1991 viris
733 1957 771 1989 ct
805 1951 851 1989 de
880 1965 940 1989 me
969 1952 1113 2002 optime
1132 1952 1283 1990 meritis
1315 1954 1456 1992 referre

112 2016 235 2052 adhuc
263 2016 427 2066 gratiam
460 2016 606 2066 possc.'’
663 2015 879 2065 Interrupit
906 2015 1116 2053 orationem
1148 2015 1315 2053 militum
1341 2017 1457 2068 gemi-

112 2084 186 2126 tus,
202 2078 421 2129 obortaeque
439 2083 529 2116 sunt
543 2078 719 2117 omnibus
734 2078 925 2128 lacrymae.
968 2078 1067 2116 Tum
1083 2079 1171 2117 Rex
1189 2092 1197 2118 :
1227 2082 1248 2100 ‘¹
1265 2079 1455 2129 Quanto,’'

113 2141 249 2192 inquit,
272 2143 292 2161 “
311 2143 492 2190 majorem
513 2142 551 2179 in
571 2141 707 2179 animis
727 2142 867 2180 vestris
887 2148 1032 2179 motum
1053 2142 1237 2192 excitabo,
1258 2145 1342 2180 eum
1357 2144 1456 2182 tanti

113 2205 268 2242 sceleris
307 2210 480 2242 auctores
518 2205 733 2252 ostendero,
771 2218 930 2256 quorum
970 2206 1201 2244 mentionem
1239 2206 1363 2244 adhuc
1400 2220 1453 2245 rc-

111 2268 286 2316 formido,
305 2273 342 2305 et
374 2269 553 2319 tanqu-Cim
584 2267 679 2305 salvi
699 2281 781 2306 csse
813 2269 970 2318 possint,
1004 2269 1220 2307 nominibus
1253 2270 1453 2309 abstineo!

111 2332 178 2369 scd
215 2331 402 2368 vincenda
435 2336 495 2368 cst
534 2331 715 2368 memoria
749 2332 919 2381 pristina*
953 2333 1132 2380 caritatis,
1167 2338 1204 2371 ct
1236 2333 1452 2383 conjuratio

111 2395 312 2445 impiorum
333 2394 471 2432 civium
493 2394 712 2445 detegenda.
784 2395 983 2441 Quommlss»
1003 2397 1012 2412 ³
1029 2403 1156 2434 autem
1178 2402 1326 2435 tantum
1346 2396 1452 2434 nefas
