1583 2680
454 177 612 203 LIBER.
647 177 756 202 V111.
795 176 901 203 cAr.
939 177 1007 201 vr.
1331 167 1393 204 1-31

137 269 210 309 VI.
241 272 303 308 21.
345 270 354 288 ¹
372 269 422 308 In
455 269 713 309 calisthenem
748 269 842 308 olim
885 268 1126 308 contumacia
1171 274 1398 321 suspectum,

55 333 320 385 pervicacioris
342 333 410 373 irae
428 333 518 382 fuit,
537 335 646 383 cujus
677 333 874 384 explendae
904 337 1054 372 matura
1072 332 1226 371 obvenit
1245 335 1399 371 occasio.

55 396 144 436 Mos
184 401 268 435 erat
308 397 365 446 (ut
392 397 516 447 *supra
561 396 705 434 dictum
750 399 822 447 est)
858 395 1092 447 principibus
1137 395 1400 445 Macedonum,

55 460 208 498 adultos
242 459 383 498 liberos
418 459 591 511 Regibus
628 460 790 508 tradere,
822 459 900 497 ²ad
935 459 1066 497 munia
1097 458 1200 497 haud
1235 460 1402 497 multum

55 523 257 562 servilibus
300 523 524 561 ministeriis
568 522 825 561 abhorrentia.
900 522 1166 571 Excubabant,
1214 523 1402 561 ³servatis

53 586 222 624 noctium
253 585 413 634 vicibus,
441 586 608 636 proximi
639 585 786 624 foribus
817 587 902 636 ejus
930 585 1036 635 aedis,
1065 585 1106 623 in
1134 588 1211 637 quii
1231 586 1318 624 Rex
1345 600 1402 623 ac-

53 650 282 700 quiescebat.
352 649 479 688 Iidem
508 653 681 699 acceptos
713 649 762 687 ab
790 649 1016 700 agasonibus
1043 662 1170 700 equos,
1199 651 1290 687 clim
1316 650 1403 688 Rex

53 725 278 751 ascensurus
298 718 410 762 esset,
439 714 451 731 ⁴
467 712 731 762 admovebant,
752 712 1103 764 comitabanturque
1131 718 1171 750 et
1188 718 1401 762 venantem,

54 780 94 813 ct
121 776 161 813 in
179 775 346 826 praeliis3
377 775 551 813 omnibus
580 775 730 814 artibus
759 775 973 814 studiorum
1001 775 1218 814 liberalium
1245 776 1400 814 exculti.

54 838 280 888 Praecipuus
298 837 417 876 honor
435 837 658 886 habebatur,
678 837 781 889 qued
799 837 940 876 licebat
959 837 1178 876 sedentibus
1196 839 1300 877 vesci
1318 852 1401 876 cum

55 901 172 952 Rege.
249 900 472 952 Castigandi
508 901 728 939 verberibus
765 913 829 939 eos
864 900 1006 938 nullius
1050 906 1218 951 potestas
1263 907 1403 952 praeter

54 964 180 1014 ipsum
199 970 291 1003 erat.
360 964 457 1002 Haec
486 963 620 1002 cohors
639 964 746 1002 velut
775 964 1019 1002 seminarium
1047 964 1184 1002 ducum
1210 966 1402 1016 praefccto-

55 1040 212 1078 rumque
241 1027 342 1077 apud
372 1026 604 1064 Macedonas
635 1027 721 1065 fuit.
778 1027 883 1064 Hinc
901 1027 1067 1066 habuere
1094 1029 1238 1078 posteri
1265 1029 1402 1081 Reges,

53 1101 215 1141 quorum
233 1089 245 1106 ⁶
259 1089 442 1139 stirpibus
460 1093 548 1139 post
566 1088 707 1126 multas
725 1093 859 1127 aetates
878 1090 1042 1128 Romani
1061 1103 1150 1141 opes
1169 1091 1401 1130 ademerunt.

55 1153 68 1171 ⁸
81 1151 211 1204 Igitur
224 1151 464 1200 Hermolaus,
484 1164 579 1202 puer
596 1151 736 1190 nobilis
756 1164 804 1189 ex
821 1151 931 1203 regia
950 1151 1117 1201 cohorte,
1137 1154 1149 1171 ⁷
1161 1155 1250 1191 cum
1269 1167 1403 1204 aprum

54 1215 131 1253 telo
149 1218 380 1267 occupasset,
399 1227 512 1266 quem
542 1214 630 1252 Rex
657 1214 773 1253 ferire
802 1214 1069 1265 destinaverat,
1094 1217 1206 1266 jussu
1224 1218 1306 1266 ejus
1323 1230 1403 1255 vcr-

53 1277 207 1317 beribus
237 1277 392 1315 affectus
421 1282 490 1315 est.
549 1276 673 1323 Quam
702 1277 949 1330 ignominiam
977 1278 1079 1330 aegre
1108 1276 1246 1328 ferens,
1267 1279 1404 1318 deflere

55 1339 156 1392 apud
188 1340 405 1380 Sostratum
437 1340 561 1391 coepit.
629 1341 694 1379 Ex
731 1341 867 1378 eadem
902 1340 1054 1380 cohorte
1083 1347 1166 1380 erat
1197 1342 1402 1391 Sostratus,

55 1417 183 1443 amore
202 1405 286 1454 ejus
319 1403 475 1442 ardens:
504 1403 570 1455 qui
601 1405 691 1442 csun
718 1403 929 1442 laceratum
960 1403 1136 1456 ‘'corpus,
1169 1405 1210 1442 in
1236 1418 1310 1457 quo
1344 1406 1404 1443 de-

54 1467 218 1518 peribat,
251 1467 479 1516 intueretur,
511 1467 674 1506 forsitan
705 1467 797 1505 olim
834 1467 882 1506 ob
919 1467 1033 1506 aliam
1068 1481 1216 1520 quoque
1253 1482 1403 1507 causam

56 1530 158 1582 Regi
176 1530 349 1578 infestus,
377 1531 557 1580 juvenem
589 1533 657 1568 sua
677 1534 810 1580 sponte
836 1531 917 1580 jam
945 1535 1104 1580 motum,
1124 1531 1214 1570 data
1241 1532 1326 1581 fide,
1347 1545 1403 1570 ac-

56 1594 241 1644 ceptaque
259 1591 438 1642 perpulit,
457 1597 502 1630 ut
520 1592 718 1630 occidendi
744 1592 890 1644 Regem
908 1593 1111 1631 consilium
1129 1606 1257 1631 seeum
1276 1594 1402 1633 iniret.

58 1655 95 1694 N
99 1668 141 1694 ec
161 1655 325 1706 ⁹puerili
359 1655 503 1705 impetu
533 1668 613 1693 rem
632 1655 802 1692 exsecuti
835 1659 946 1693 sunt:
974 1655 1111 1706 quippe
1129 1656 1289 1694 solerter
1306 1656 1404 1708 lege-

55 1722 158 1766 runt,
196 1731 289 1769 quos
321 1717 361 1755 in
397 1717 620 1755 societatem
652 1717 806 1756 sceleris
834 1718 1087 1756 asciscerent:
1130 1718 1402 1767 Nicostratum,

56 1781 320 1832 Antipatrum,
353 1779 756 1832 Asclepiodurumque,
785 1784 824 1818 et
855 1780 1049 1819 Philotam
1080 1780 1225 1831 placuit
1252 1783 1402 1820 assumi.

57 1845 135 1884 Per
151 1845 221 1883 hos
240 1844 382 1894 adjecti
402 1849 492 1882 sunt
506 1844 698 1893 Anticles,
719 1844 951 1895 Elaptonius
970 1849 1010 1882 et
1028 1844 1244 1895 Epimenes.

136 1911 198 1947 22.
230 1907 421 1947 Gaeterfim
452 1907 610 1959 agendae
640 1907 697 1946 rei
727 1907 831 1946 haud
864 1908 954 1945 sane
987 1907 1114 1945 facilis
1145 1907 1299 1958 patebat
1329 1908 1401 1948 via.

59 1971 168 2022 Opus
186 1975 271 2009 erat
301 1972 437 2010 eadem
466 1984 595 2009 omnes
613 1973 830 2021 conjuratos
849 1975 960 2009 nocte
989 1971 1185 2019 excubare,
1204 1984 1251 2009 ne
1269 1971 1316 2010 ab
1343 1984 1403 2010 ex-

56 2034 230 2085 pertibus
247 2035 399 2073 consilii
430 2034 717 2085 impedirentur.
773 2033 891 2071 Forte
911 2038 1041 2071 autem
1072 2033 1171 2071 alius
1198 2033 1275 2071 alia
1294 2040 1403 2073 nocte

58 2097 280 2136 excubabat.
337 2097 477 2149 Itaque
494 2098 534 2135 in
560 2096 822 2147 permutandis
843 2096 1052 2134 stationum
1070 2097 1232 2146 vicibus,
1251 2102 1403 2136 caetero·

56 2173 129 2212 que
160 2164 347 2210 apparatu
378 2159 627 2211 exsequendae
657 2159 726 2207 rei,
755 2158 915 2211 triginta
943 2163 982 2197 et
1011 2159 1085 2197 duo
1104 2159 1186 2197 dies
1213 2160 1404 2211 absumpti

57 2227 157 2261 sunt.
214 2222 366 2260 Aderat
391 2235 480 2271 nox,
499 2225 576 2273 qua
604 2221 792 2271 conjurati
824 2223 1010 2261 excubare
1041 2222 1240 2272 debebant,
1269 2227 1403 2261 mutua

56 2286 130 2324 fide
166 2285 259 2334 laeti,
296 2287 406 2335 cujus
443 2285 709 2323 documentum
744 2289 803 2323 tot
839 2285 921 2323 dies
965 2286 1128 2325 fuerant.
1203 2286 1403 2324 Neminem

56 2354 179 2387 metus
212 2361 345 2399 spesve
374 2351 608 2398 mutaverat3
649 2351 759 2386 tanta
789 2348 964 2387 omnibus
993 2349 1055 2388 vel
1087 2350 1127 2387 in
1159 2350 1305 2400 Regem
1332 2349 1402 2398 ira,

56 2412 118 2452 vel
135 2412 229 2450 fides
248 2411 348 2450 inter
366 2411 469 2461 ipsos
487 2410 573 2449 fuit.
626 2410 786 2450 Stabant
805 2411 924 2463 igitur
941 2412 992 2450 ad
1018 2412 1117 2451 fores
1136 2412 1231 2451 aedis
1250 2414 1343 2462 ejus,
1364 2412 1403 2450 in

56 2478 134 2528 qua
163 2475 251 2515 Rex
270 2474 503 2523 vescebatur,
534 2478 580 2512 ut
609 2473 782 2514 convivio
812 2487 1005 2527 egressum
1033 2475 1074 2514 in
1103 2474 1316 2515 cubiculum
1342 2475 1403 2513 de-
