1583 2680
538 164 700 191 mssa
747 165 820 191 1x.
862 164 973 190 car.
1014 164 1056 190 v.
1382 154 1456 191 229

118 258 230 297 venit.
287 257 371 304 Quo
389 261 600 308 conspecto,
620 257 839 295 Alexander
862 258 943 307 jam
960 267 1036 295 non
1053 256 1146 295 vitae
1164 269 1254 306 suae,
1275 256 1341 294 sed
1360 269 1455 294 mor-

119 322 168 360 tis
187 321 366 360 solatium
385 321 646 371 supervenisse
673 326 788 369 ratus,
809 321 941 371 clypeo
969 319 1175 371 fatigatum
1202 332 1335 370 corpus
1355 332 1460 357 exce-

115 384 185 434 pit.
259 384 373 424 Subit
417 383 506 438 inde
544 383 725 431 Timaeus,
762 389 800 421 et
843 383 959 434 paulo
1003 387 1092 434 post
1129 382 1335 430 Leonatus,
1373 382 1460 420 huic

116 448 323 486 Aristonus
343 446 570 498 supervenit.
627 446 720 484 Indi
746 448 894 498 quoque
913 449 996 484 cnm
1023 446 1125 483 intra
1151 445 1290 484 moenia
1318 445 1461 497 Regem

116 523 198 549 esse
226 510 508 560 comperissent,
547 509 698 547 omissis
731 510 878 547 caeteris
906 509 997 547 illuc
1031 513 1316 557 concurrerunt,
1354 521 1460 559 urge-

115 573 281 625 bamque
298 577 555 624 protegentes
612 571 676 610 Ex
693 572 830 623 quibus
849 572 1016 610 Timaeus
1042 571 1177 610 multis
1205 571 1365 609 adverso
1384 584 1461 609 cor-

115 648 207 686 pore
243 635 460 674 vulneribus
505 635 680 685 acceptis,
724 635 948 686 egregiaque
982 634 1091 673 edita
1136 637 1266 686 pugn-22
1312 634 1459 673 cecidit.

116 699 323 737 Peucestes
340 701 492 750 quoque
510 698 636 737 tribus
653 698 791 748 jaculis
810 698 1015 746 confossus,
1033 711 1109 736 non
1128 711 1168 736 se
1195 703 1323 736 tamen
1341 703 1460 744 scuto,

117 761 184 799 scd
213 762 360 814 Regem
387 761 573 800 tuebatur.
630 761 823 800 Leonatus
842 761 934 799 dum
959 761 1070 800 avide
1089 765 1242 799 ruentes
1269 760 1462 799 Barbaros

118 825 326 873 submovet,
358 815 504 863 cervice
535 824 704 876 graviter
740 825 830 873 icta,
867 824 1098 862 semianimis
1133 824 1337 875 procubuit
1375 829 1462 861 ante

117 887 237 939 Regis
266 887 392 938 pedes.
448 887 540 926 Jam
571 892 609 925 et
639 887 845 926 Peucestes
872 887 1094 926 vulneribus
1124 887 1309 938 fatigatus
1342 886 1462 925 ¹³sub-

117 951 275 989 miserat
303 950 490 1001 clypeum.
561 950 611 988 In
641 951 826 989 Aristono
857 963 944 1001 spes
973 951 1113 989 ultima
1149 950 1327 989 haerebat.
1383 950 1462 988 Hic

116 1026 263 1064 quoque
294 1014 464 1065 graviter
497 1013 648 1051 saucius
679 1018 825 1051 tantam
843 1014 921 1052 vim
952 1013 1121 1053 hostium
1147 1013 1250 1052 ultrix
1279 1013 1463 1051 sustinere

116 1089 191 1114 non
220 1080 383 1126 poterat.
453 1076 603 1114 ¹‘Inter
634 1076 716 1113 haec
747 1076 798 1113 ad
815 1076 1056 1125 Macedonas,
1093 1077 1241 1128 Regem
1270 1076 1463 1124 cecidisse,

116 1139 218 1176 fama
252 1138 397 1189 perlata
432 1143 500 1177 est.
570 1139 594 1156 ¹⁵
610 1139 828 1176 Terruisset
865 1139 971 1187 alios,
1008 1139 1109 1190 quod
1145 1139 1232 1177 illos
1269 1138 1460 1176 incitavit.

118 1201 292 1253 Namque
322 1201 486 1252 periculi
512 1201 632 1240 omnis
663 1202 912 1250 immemores,
941 1202 1109 1240 dolabris
1138 1202 1355 1253 perfregere
1385 1215 1464 1239 mu·

117 1278 213 1313 rum,
232 1269 284 1313 et,
302 1266 379 1316 qua
396 1264 523 1302 moliti
541 1269 652 1303 erant
681 1264 841 1313 aditum,
862 1264 1034 1315 irrupere
1053 1264 1093 1302 in
1110 1265 1254 1313 urbem,
1275 1264 1465 1315 Indosque

117 1327 244 1378 plures
287 1327 492 1379 fugienteS,
528 1329 646 1379 quam
681 1327 862 1379 congredi
909 1341 1031 1377 auSOS,
1070 1328 1300 1367 ceciderunt.
1376 1327 1466 1365 Non

119 1390 283 1439 senibus,
302 1402 378 1428 non
395 1390 574 1439 foeminis,
593 1403 669 1428 non
686 1390 898 1429 infantibus
917 1391 1096 1441 parcitur.
1137 1390 1319 1442 Quisquis
1338 1403 1464 1428 occur-

119 1457 233 1502 rerat,
254 1453 302 1491 ab
331 1453 399 1491 illo
418 1453 658 1492 vulneratum
677 1454 825 1505 Regem
856 1467 940 1492 esse
970 1454 1182 1493 credebant.
1241 1454 1264 1472 ¹⁶
1280 1454 1465 1492 Tandem-

118 1529 191 1567 que
220 1515 477 1554 internecione
505 1515 672 1554 hostium
703 1517 821 1566 justae
851 1517 922 1556 irae
948 1522 1193 1567 parentatum
1212 1522 1281 1556 est.
1337 1517 1465 1555 Ptole-

119 1592 268 1626 maeum,
296 1578 363 1629 qui
392 1583 529 1629 postea
563 1580 751 1630 regnavit,
787 1579 876 1617 huic
902 1593 1040 1631 puguae
1059 1580 1213 1618 affuisse
1240 1585 1371 1618 auctor
1409 1585 1466 1618 est

122 1642 355 1690 Clitarchus,
391 1646 431 1679 et
468 1641 703 1693 Timagenes.
774 1641 851 1681 Sed
887 1641 969 1692 ipse
1003 1644 1027 1661 ¹⁷
1041 1643 1188 1681 scilicet
1217 1643 1350 1694 gloriae
1387 1655 1466 1682 suae

119 1718 194 1743 non
230 1705 458 1756 refragatus,
496 1704 664 1742 abfuisse
701 1717 753 1753 sc,
791 1705 950 1743 missum
985 1705 1027 1743 in
1065 1705 1355 1756 expeditionem,
1392 1719 1466 1744 me-

119 1768 252 1808 moriae
280 1767 467 1806 tradidit:
508 1772 615 1805 tanta
650 1768 954 1818 componentium
989 1773 1141 1807 vetusta
1176 1782 1302 1807 rerum
1337 1781 1465 1807 monu-

119 1835 245 1870 menta
262 1830 324 1869 vel
344 1831 367 1848 ¹⁵
380 1830 578 1879 securitas,
597 1830 672 1879 vel,
694 1832 716 1849 ¹⁹
727 1845 797 1882 par
815 1831 903 1870 huic
921 1831 1073 1880 vitium,
1101 1831 1308 1870 credulitas
1326 1831 1402 1870 fuit
1417 1832 1425 1870 !

178 1896 235 1933 18.
264 1894 372 1946 Rege
401 1894 441 1932 in
471 1894 714 1933 tabernaculo
743 1895 877 1943 relato,
904 1895 1044 1933 medici
1070 1895 1215 1947 lignum
1242 1895 1363 1933 hastae
1388 1908 1466 1934 cor-

120 1956 203 2007 pori
221 1956 389 2006 infixum,
409 1957 503 1996 ²¹³ita
528 1970 576 1995 ne
608 1957 795 2008 spiculum
823 1964 1052 2006 moveretur,
1084 1957 1319 1997 abscindunt.
1377 1958 1466 1998 Cor-

120 2032 210 2070 pore
229 2019 320 2057 dein
329 2020 487 2069 nudato,
500 2021 809 2059 animadvertunt
827 2021 957 2059 hamos
972 2021 1093 2059 inesse
1112 2019 1202 2069 telo,
1216 2033 1286 2059 nec
1300 2021 1414 2060 aliter
1426 2021 1468 2059 id

122 2081 203 2119 sine
230 2082 395 2132 pernicie
423 2084 590 2134 corporis
610 2084 760 2122 extrahi
790 2096 912 2134 posse,
931 2086 1047 2135 quam
1076 2089 1120 2122 ut
1147 2084 1309 2123 secando
1327 2084 1467 2123 vulnus

121 2149 311 2196 augerent.
366 2146 393 2163 ²¹
410 2145 614 2195 Caeterum,
632 2159 679 2184 nc
699 2151 869 2184 secantes
896 2147 1122 2197 profluvium
1147 2148 1342 2199 sanguinis
1360 2160 1466 2186 occu-

121 2216 240 2261 paret,
259 2210 509 2250 verebantur:
537 2211 676 2262 quippe
695 2211 826 2263 ingens
845 2211 966 2249 telum
983 2211 1162 2250 adactum
1179 2217 1273 2260 erat,
1301 2217 1340 2250 et
1357 2225 1466 2262 pene-

121 2277 245 2311 trasse
277 2273 318 2311 in
348 2273 493 2311 viscera
521 2273 731 2312 videbatur.
799 2273 1019 2313 Critobulus
1047 2274 1147 2313 inter
1173 2275 1340 2312 medicos
1370 2274 1465 2312 artis

121 2336 281 2385 eximiae,
290 2336 358 2375 sed
370 2337 410 2374 in
422 2341 529 2375 tanto
540 2336 710 2388 periculo
723 2337 891 2386 territus,
904 2350 1038 2376 manus
1050 2337 1249 2376 admovere
1258 2337 1463 2385 metuebat,

121 2400 198 2438 ”ne
216 2400 256 2438 in
268 2400 389 2451 ipsius
400 2405 513 2451 caput
530 2413 665 2451 parum
678 2413 866 2452 prosperae
881 2401 1086 2440 curationis
1097 2401 1281 2440 recideret
1293 2405 1462 2439 eventus-
