<?xml version="1.0" encoding="UTF-8"?>
<!DOCTYPE html PUBLIC "-//W3C//DTD XHTML 1.0 Transitional//EN"
    "http://www.w3.org/TR/xhtml1/DTD/xhtml1-transitional.dtd">
<html xmlns="http://www.w3.org/1999/xhtml" xml:lang="en" lang="en">
 <head>
  <title>
</title>
<meta http-equiv="Content-Type" content="text/html;charset=utf-8" />
  <meta name='ocr-system' content='tesseract 3.04.00' />
  <meta name='ocr-capabilities' content='ocr_page ocr_carea ocr_par ocr_line ocrx_word'/>
</head>
<body>
  <div class='ocr_page' id='page_1' title='image "./lifeexploitsofal00curtuoft_0234.png"; bbox 0 0 1583 2680; ppageno 0'>
   <div class='ocr_carea' id='block_1_1' title="bbox 111 160 989 200">
    <p class='ocr_par' dir='ltr' id='par_1_1' title="bbox 111 160 989 200">
     <span class='ocr_line' id='line_1_1' title="bbox 111 160 989 200; baseline -0.007 -4"><span class='ocrx_word' id='word_1_1' title='bbox 111 160 189 196; x_wconf 78' lang='lat'>224</span> <span class='ocrx_word' id='word_1_2' title='bbox 567 167 749 200; x_wconf 81' lang='lat' dir='ltr'><strong>QUINTI</strong></span> <span class='ocrx_word' id='word_1_3' title='bbox 787 165 989 192; x_wconf 61' lang='lat' dir='ltr'>curtrn.</span> 
     </span>
    </p>
   </div>
   <div class='ocr_carea' id='block_1_2' title="bbox 111 256 1464 2527">
    <p class='ocr_par' dir='ltr' id='par_1_2' title="bbox 111 256 1461 1579">
     <span class='ocr_line' id='line_1_2' title="bbox 112 256 1442 314; baseline -0.005 -14"><span class='ocrx_word' id='word_1_4' title='bbox 112 262 330 314; x_wconf 81' lang='lat' dir='ltr'>cubiliaque</span> <span class='ocrx_word' id='word_1_5' title='bbox 361 260 557 311; x_wconf 87' lang='lat' dir='ltr'>amplioris</span> <span class='ocrx_word' id='word_1_6' title='bbox 577 261 721 308; x_wconf 75' lang='lat' dir='ltr'>formae,</span> <span class='ocrx_word' id='word_1_7' title='bbox 743 259 894 306; x_wconf 69' lang='lat' dir='ltr'>¹⁶quam</span> <span class='ocrx_word' id='word_1_8' title='bbox 922 271 992 309; x_wconf 89' lang='lat' dir='ltr'>pro</span> <span class='ocrx_word' id='word_1_9' title='bbox 1019 269 1220 308; x_wconf 86' lang='lat' dir='ltr'>corporum</span> <span class='ocrx_word' id='word_1_10' title='bbox 1247 256 1383 295; x_wconf 85' lang='lat' dir='ltr'>habitu</span> <span class='ocrx_word' id='word_1_11' title='bbox 1400 269 1442 295; x_wconf 88' lang='lat' dir='ltr'>re</span> 
     </span>
     <span class='ocr_line' id='line_1_3' title="bbox 112 321 1454 377; baseline -0.004 -14"><span class='ocrx_word' id='word_1_12' title='bbox 112 325 246 377; x_wconf 85' lang='lat' dir='ltr'>linqui,</span> <span class='ocrx_word' id='word_1_13' title='bbox 267 331 313 363; x_wconf 90' lang='lat' dir='ltr'>ut</span> <span class='ocrx_word' id='word_1_14' title='bbox 342 325 507 375; x_wconf 89' lang='lat' dir='ltr'>speeiem</span> <span class='ocrx_word' id='word_1_15' title='bbox 527 324 697 361; x_wconf 89' lang='lat' dir='ltr'>omnium</span> <span class='ocrx_word' id='word_1_16' title='bbox 726 327 894 374; x_wconf 85' lang='lat' dir='ltr'>augeret,</span> <span class='ocrx_word' id='word_1_17' title='bbox 915 321 1134 372; x_wconf 80' lang='lat' dir='ltr'>posteritati</span> <span class='ocrx_word' id='word_1_18' title='bbox 1153 321 1273 359; x_wconf 84' lang='lat' dir='ltr'>fallax</span> <span class='ocrx_word' id='word_1_19' title='bbox 1299 321 1454 358; x_wconf 87' lang='lat' dir='ltr'>miracu-</span> 
     </span>
     <span class='ocr_line' id='line_1_4' title="bbox 111 384 1456 439; baseline -0.004 -13"><span class='ocrx_word' id='word_1_20' title='bbox 111 389 191 426; x_wconf 90' lang='lat' dir='ltr'>lum</span> <span class='ocrx_word' id='word_1_21' title='bbox 212 400 445 439; x_wconf 81' lang='lat' dir='ltr'>praeparanS.</span> <span class='ocrx_word' id='word_1_22' title='bbox 504 387 610 424; x_wconf 87' lang='lat' dir='ltr'>Hinc</span> <span class='ocrx_word' id='word_1_23' title='bbox 630 391 808 437; x_wconf 86' lang='lat' dir='ltr'>repetens</span> <span class='ocrx_word' id='word_1_24' title='bbox 837 399 922 437; x_wconf 87' lang='lat' dir='ltr'>quae</span> <span class='ocrx_word' id='word_1_25' title='bbox 941 398 1117 423; x_wconf 90' lang='lat' dir='ltr'>emensus</span> <span class='ocrx_word' id='word_1_26' title='bbox 1137 389 1230 432; x_wconf 80' lang='lat' dir='ltr'>erat,</span> <span class='ocrx_word' id='word_1_27' title='bbox 1251 384 1301 422; x_wconf 88' lang='lat' dir='ltr'>ad</span> <span class='ocrx_word' id='word_1_28' title='bbox 1317 384 1456 421; x_wconf 90' lang='lat' dir='ltr'>flumen</span> 
     </span>
     <span class='ocr_line' id='line_1_5' title="bbox 112 448 1455 490; baseline -0.004 0"><span class='ocrx_word' id='word_1_29' title='bbox 112 453 320 490; x_wconf 88' lang='lat' dir='ltr'>Acesinem</span> <span class='ocrx_word' id='word_1_30' title='bbox 340 452 442 489; x_wconf 88' lang='lat' dir='ltr'>locat</span> <span class='ocrx_word' id='word_1_31' title='bbox 461 456 596 488; x_wconf 87' lang='lat' dir='ltr'>castra.</span> <span class='ocrx_word' id='word_1_32' title='bbox 654 450 719 489; x_wconf 88' lang='lat' dir='ltr'>Ibi</span> <span class='ocrx_word' id='word_1_33' title='bbox 738 449 840 487; x_wconf 77' lang='lat' dir='ltr'>forte</span> <span class='ocrx_word' id='word_1_34' title='bbox 860 449 999 488; x_wconf 85' lang='lat' dir='ltr'>Coenus</span> <span class='ocrx_word' id='word_1_35' title='bbox 1018 449 1151 487; x_wconf 92' lang='lat' dir='ltr'>morbo</span> <span class='ocrx_word' id='word_1_36' title='bbox 1172 448 1366 486; x_wconf 81' lang='lat' dir='ltr'>extinctus</span> <span class='ocrx_word' id='word_1_37' title='bbox 1386 452 1455 485; x_wconf 89' lang='lat' dir='ltr'>est.</span> 
     </span>
     <span class='ocr_line' id='line_1_6' title="bbox 115 511 1459 565; baseline -0.005 -11"><span class='ocrx_word' id='word_1_38' title='bbox 115 515 235 564; x_wconf 84' lang='lat' dir='ltr'>Cujus</span> <span class='ocrx_word' id='word_1_39' title='bbox 255 520 377 553; x_wconf 91' lang='lat' dir='ltr'>morte</span> <span class='ocrx_word' id='word_1_40' title='bbox 397 514 584 565; x_wconf 83' lang='lat' dir='ltr'>ingemuit</span> <span class='ocrx_word' id='word_1_41' title='bbox 611 514 700 552; x_wconf 84' lang='lat' dir='ltr'>Rex</span> <span class='ocrx_word' id='word_1_42' title='bbox 727 513 903 564; x_wconf 86' lang='lat' dir='ltr'>quidem;</span> <span class='ocrx_word' id='word_1_43' title='bbox 935 512 1076 562; x_wconf 85' lang='lat' dir='ltr'>adjecit</span> <span class='ocrx_word' id='word_1_44' title='bbox 1104 517 1243 559; x_wconf 88' lang='lat' dir='ltr'>tamen,</span> <span class='ocrx_word' id='word_1_45' title='bbox 1265 511 1290 529; x_wconf 80' lang='lat'>¹⁷</span> <span class='ocrx_word' id='word_1_46' title='bbox 1302 515 1459 561; x_wconf 81' lang='lat' dir='ltr'>propter</span> 
     </span>
     <span class='ocr_line' id='line_1_7' title="bbox 115 573 1458 628; baseline -0.004 -13"><span class='ocrx_word' id='word_1_47' title='bbox 115 591 253 628; x_wconf 84' lang='lat' dir='ltr'>paucos</span> <span class='ocrx_word' id='word_1_48' title='bbox 282 578 364 615; x_wconf 90' lang='lat' dir='ltr'>dies</span> <span class='ocrx_word' id='word_1_49' title='bbox 383 577 537 628; x_wconf 81' lang='lat' dir='ltr'>longam</span> <span class='ocrx_word' id='word_1_50' title='bbox 556 577 768 615; x_wconf 88' lang='lat' dir='ltr'>orationem</span> <span class='ocrx_word' id='word_1_51' title='bbox 802 590 888 614; x_wconf 92' lang='lat' dir='ltr'>eum</span> <span class='ocrx_word' id='word_1_52' title='bbox 922 588 1113 623; x_wconf 82' lang='lat' dir='ltr'>exorsum,</span> <span class='ocrx_word' id='word_1_53' title='bbox 1134 574 1322 625; x_wconf 65' lang='lat' dir='ltr'>tanquam</span> <span class='ocrx_word' id='word_1_54' title='bbox 1353 573 1458 611; x_wconf 88' lang='lat' dir='ltr'>solus</span> 
     </span>
     <span class='ocr_line' id='line_1_8' title="bbox 116 637 1458 689; baseline -0.004 -11"><span class='ocrx_word' id='word_1_55' title='bbox 116 641 380 678; x_wconf 87' lang='lat' dir='ltr'>Macedoniam</span> <span class='ocrx_word' id='word_1_56' title='bbox 398 641 551 679; x_wconf 83' lang='lat' dir='ltr'>visurus</span> <span class='ocrx_word' id='word_1_57' title='bbox 579 645 690 678; x_wconf 88' lang='lat' dir='ltr'>esset.</span> <span class='ocrx_word' id='word_1_58' title='bbox 749 639 779 677; x_wconf 81' lang='lat' dir='ltr'>J</span> <span class='ocrx_word' id='word_1_59' title='bbox 781 653 841 677; x_wconf 88' lang='lat' dir='ltr'>am</span> <span class='ocrx_word' id='word_1_60' title='bbox 861 640 902 676; x_wconf 91' lang='lat' dir='ltr'>in</span> <span class='ocrx_word' id='word_1_61' title='bbox 916 641 1016 689; x_wconf 67' lang='lat' dir='ltr'>aqua.</span> <span class='ocrx_word' id='word_1_62' title='bbox 1035 638 1180 685; x_wconf 86' lang='lat' dir='ltr'>classis,</span> <span class='ocrx_word' id='word_1_63' title='bbox 1200 651 1314 688; x_wconf 88' lang='lat' dir='ltr'>quam</span> <span class='ocrx_word' id='word_1_64' title='bbox 1341 637 1458 675; x_wconf 77' lang='lat' dir='ltr'>aedifi-</span> 
     </span>
     <span class='ocr_line' id='line_1_9' title="bbox 115 700 1459 754; baseline -0.004 -13"><span class='ocrx_word' id='word_1_65' title='bbox 115 705 191 741; x_wconf 81' lang='lat' dir='ltr'>cari</span> <span class='ocrx_word' id='word_1_66' title='bbox 206 705 390 754; x_wconf 84' lang='lat' dir='ltr'>jusserat,</span> <span class='ocrx_word' id='word_1_67' title='bbox 411 703 550 741; x_wconf 86' lang='lat' dir='ltr'>stabat.</span> <span class='ocrx_word' id='word_1_68' title='bbox 610 704 720 741; x_wconf 85' lang='lat' dir='ltr'>Inter</span> <span class='ocrx_word' id='word_1_69' title='bbox 738 703 821 741; x_wconf 83' lang='lat' dir='ltr'>haec</span> <span class='ocrx_word' id='word_1_70' title='bbox 842 702 1024 740; x_wconf 85' lang='lat' dir='ltr'>Memnon</span> <span class='ocrx_word' id='word_1_71' title='bbox 1052 714 1099 738; x_wconf 81' lang='lat' dir='ltr'>ex</span> <span class='ocrx_word' id='word_1_72' title='bbox 1120 700 1286 738; x_wconf 62' lang='lat' dir='ltr'>Thracia</span> <span class='ocrx_word' id='word_1_73' title='bbox 1314 700 1354 737; x_wconf 90' lang='lat' dir='ltr'>in</span> <span class='ocrx_word' id='word_1_74' title='bbox 1373 713 1459 750; x_wconf 91' lang='lat' dir='ltr'>sup-</span> 
     </span>
     <span class='ocr_line' id='line_1_10' title="bbox 115 763 1460 818; baseline -0.004 -12"><span class='ocrx_word' id='word_1_75' title='bbox 115 768 349 818; x_wconf 89' lang='lat' dir='ltr'>plementum</span> <span class='ocrx_word' id='word_1_76' title='bbox 380 768 553 818; x_wconf 86' lang='lat' dir='ltr'>equitum</span> <span class='ocrx_word' id='word_1_77' title='bbox 586 780 654 805; x_wconf 76' lang='lat' dir='ltr'>sex</span> <span class='ocrx_word' id='word_1_78' title='bbox 672 767 807 814; x_wconf 85' lang='lat' dir='ltr'>millia,</span> <span class='ocrx_word' id='word_1_79' title='bbox 827 770 968 816; x_wconf 86' lang='lat' dir='ltr'>praeter</span> <span class='ocrx_word' id='word_1_80' title='bbox 987 777 1051 803; x_wconf 87' lang='lat' dir='ltr'>eos</span> <span class='ocrx_word' id='word_1_81' title='bbox 1081 764 1128 803; x_wconf 89' lang='lat' dir='ltr'>ab</span> <span class='ocrx_word' id='word_1_82' title='bbox 1161 763 1335 813; x_wconf 82' lang='lat' dir='ltr'>Harpalo</span> <span class='ocrx_word' id='word_1_83' title='bbox 1355 763 1460 814; x_wconf 90' lang='lat' dir='ltr'>pedi-</span> 
     </span>
     <span class='ocr_line' id='line_1_11' title="bbox 116 827 1460 880; baseline -0.004 -12"><span class='ocrx_word' id='word_1_84' title='bbox 116 838 196 868; x_wconf 87' lang='lat' dir='ltr'>tum</span> <span class='ocrx_word' id='word_1_85' title='bbox 215 835 362 880; x_wconf 83' lang='lat' dir='ltr'>septem</span> <span class='ocrx_word' id='word_1_86' title='bbox 380 830 504 867; x_wconf 86' lang='lat' dir='ltr'>millia</span> <span class='ocrx_word' id='word_1_87' title='bbox 523 830 760 879; x_wconf 77' lang='lat' dir='ltr'>adduxerat;</span> <span class='ocrx_word' id='word_1_88' title='bbox 790 841 968 880; x_wconf 84' lang='lat' dir='ltr'>armaque</span> <span class='ocrx_word' id='word_1_89' title='bbox 983 828 1123 880; x_wconf 81' lang='lat' dir='ltr'>viginti</span> <span class='ocrx_word' id='word_1_90' title='bbox 1151 827 1318 879; x_wconf 88' lang='lat' dir='ltr'>quinque</span> <span class='ocrx_word' id='word_1_91' title='bbox 1337 827 1460 864; x_wconf 82' lang='lat' dir='ltr'>millia</span> 
     </span>
     <span class='ocr_line' id='line_1_12' title="bbox 114 891 1461 944; baseline -0.003 -13"><span class='ocrx_word' id='word_1_92' title='bbox 114 907 205 932; x_wconf 87' lang='lat' dir='ltr'>auro</span> <span class='ocrx_word' id='word_1_93' title='bbox 237 899 276 931; x_wconf 89' lang='lat' dir='ltr'>et</span> <span class='ocrx_word' id='word_1_94' title='bbox 306 898 463 944; x_wconf 81' lang='lat' dir='ltr'>argento</span> <span class='ocrx_word' id='word_1_95' title='bbox 499 893 634 931; x_wconf 84' lang='lat' dir='ltr'>caelata</span> <span class='ocrx_word' id='word_1_96' title='bbox 663 892 898 943; x_wconf 80' lang='lat' dir='ltr'>pertulerat:</span> <span class='ocrx_word' id='word_1_97' title='bbox 927 892 1036 943; x_wconf 89' lang='lat' dir='ltr'>queis</span> <span class='ocrx_word' id='word_1_98' title='bbox 1069 891 1300 939; x_wconf 83' lang='lat' dir='ltr'>distributis,</span> <span class='ocrx_word' id='word_1_99' title='bbox 1327 895 1461 929; x_wconf 83' lang='lat' dir='ltr'>vetera</span> 
     </span>
     <span class='ocr_line' id='line_1_13' title="bbox 113 953 1460 1008; baseline -0.001 -14"><span class='ocrx_word' id='word_1_100' title='bbox 113 958 273 995; x_wconf 87' lang='lat' dir='ltr'>eremari</span> <span class='ocrx_word' id='word_1_101' title='bbox 289 958 419 1007; x_wconf 83' lang='lat' dir='ltr'>jussit.</span> <span class='ocrx_word' id='word_1_102' title='bbox 479 956 503 975; x_wconf 75' lang='lat'>¹⁸</span> <span class='ocrx_word' id='word_1_103' title='bbox 518 957 630 995; x_wconf 87' lang='lat' dir='ltr'>Mille</span> <span class='ocrx_word' id='word_1_104' title='bbox 657 957 820 1008; x_wconf 79' lang='lat' dir='ltr'>navigiis</span> <span class='ocrx_word' id='word_1_105' title='bbox 841 956 1015 994; x_wconf 87' lang='lat' dir='ltr'>aditurus</span> <span class='ocrx_word' id='word_1_106' title='bbox 1038 955 1244 1003; x_wconf 85' lang='lat' dir='ltr'>Oceanum,</span> <span class='ocrx_word' id='word_1_107' title='bbox 1266 953 1460 992; x_wconf 85' lang='lat' dir='ltr'>discordes</span> 
     </span>
     <span class='ocr_line' id='line_1_14' title="bbox 114 1019 1459 1071; baseline -0.002 -12"><span class='ocrx_word' id='word_1_108' title='bbox 114 1027 153 1058; x_wconf 89' lang='lat' dir='ltr'>et</span> <span class='ocrx_word' id='word_1_109' title='bbox 172 1027 304 1059; x_wconf 77' lang='lat' dir='ltr'>vetera</span> <span class='ocrx_word' id='word_1_110' title='bbox 335 1021 424 1071; x_wconf 81' lang='lat' dir='ltr'>odia</span> <span class='ocrx_word' id='word_1_111' title='bbox 453 1026 709 1059; x_wconf 82' lang='lat' dir='ltr'>retractantes</span> <span class='ocrx_word' id='word_1_112' title='bbox 740 1021 885 1059; x_wconf 87' lang='lat' dir='ltr'>Porum</span> <span class='ocrx_word' id='word_1_113' title='bbox 905 1026 943 1058; x_wconf 89' lang='lat' dir='ltr'>et</span> <span class='ocrx_word' id='word_1_114' title='bbox 963 1019 1150 1068; x_wconf 80' lang='lat' dir='ltr'>Taxssem,</span> <span class='ocrx_word' id='word_1_115' title='bbox 1171 1019 1298 1057; x_wconf 85' lang='lat' dir='ltr'>Indiae</span> <span class='ocrx_word' id='word_1_116' title='bbox 1318 1019 1459 1069; x_wconf 83' lang='lat' dir='ltr'>Reges,</span> 
     </span>
     <span class='ocr_line' id='line_1_15' title="bbox 114 1083 1460 1136; baseline -0.003 -13"><span class='ocrx_word' id='word_1_117' title='bbox 114 1087 264 1123; x_wconf 61' lang='lat' dir='ltr'>firmat-21</span> <span class='ocrx_word' id='word_1_118' title='bbox 299 1099 367 1136; x_wconf 91' lang='lat' dir='ltr'>per</span> <span class='ocrx_word' id='word_1_119' title='bbox 387 1086 610 1123; x_wconf 88' lang='lat' dir='ltr'>affinitatem</span> <span class='ocrx_word' id='word_1_120' title='bbox 640 1085 780 1136; x_wconf 69' lang='lat' dir='ltr'>gratia,</span> <span class='ocrx_word' id='word_1_121' title='bbox 799 1085 958 1136; x_wconf 89' lang='lat' dir='ltr'>reliquit</span> <span class='ocrx_word' id='word_1_122' title='bbox 977 1085 1016 1122; x_wconf 92' lang='lat' dir='ltr'>in</span> <span class='ocrx_word' id='word_1_123' title='bbox 1044 1084 1124 1122; x_wconf 87' lang='lat' dir='ltr'>suis</span> <span class='ocrx_word' id='word_1_124' title='bbox 1151 1083 1291 1134; x_wconf 85' lang='lat' dir='ltr'>regnis,</span> <span class='ocrx_word' id='word_1_125' title='bbox 1313 1095 1460 1120; x_wconf 90' lang='lat' dir='ltr'>summo</span> 
     </span>
     <span class='ocr_line' id='line_1_16' title="bbox 115 1146 1460 1197; baseline -0.002 -11"><span class='ocrx_word' id='word_1_126' title='bbox 115 1149 154 1186; x_wconf 89' lang='lat' dir='ltr'>in</span> <span class='ocrx_word' id='word_1_127' title='bbox 173 1149 401 1187; x_wconf 63' lang='lat' dir='ltr'>aedificanda</span> <span class='ocrx_word' id='word_1_128' title='bbox 421 1149 542 1186; x_wconf 87' lang='lat' dir='ltr'>classe</span> <span class='ocrx_word' id='word_1_129' title='bbox 576 1149 774 1186; x_wconf 89' lang='lat' dir='ltr'>amborum</span> <span class='ocrx_word' id='word_1_130' title='bbox 803 1149 933 1187; x_wconf 89' lang='lat' dir='ltr'>studio</span> <span class='ocrx_word' id='word_1_131' title='bbox 965 1160 1067 1185; x_wconf 68' lang='lat' dir='ltr'>usus</span> <span class='ocrx_word' id='word_1_132' title='bbox 1129 1146 1283 1196; x_wconf 87' lang='lat' dir='ltr'>Oppida</span> <span class='ocrx_word' id='word_1_133' title='bbox 1310 1159 1460 1197; x_wconf 87' lang='lat' dir='ltr'>quoque</span> 
     </span>
     <span class='ocr_line' id='line_1_17' title="bbox 116 1210 1461 1264; baseline -0.003 -14"><span class='ocrx_word' id='word_1_134' title='bbox 116 1213 190 1250; x_wconf 90' lang='lat' dir='ltr'>duo</span> <span class='ocrx_word' id='word_1_135' title='bbox 222 1213 405 1260; x_wconf 86' lang='lat' dir='ltr'>condidit,</span> <span class='ocrx_word' id='word_1_136' title='bbox 435 1226 597 1264; x_wconf 88' lang='lat' dir='ltr'>quorum</span> <span class='ocrx_word' id='word_1_137' title='bbox 636 1212 798 1250; x_wconf 89' lang='lat' dir='ltr'>alterum</span> <span class='ocrx_word' id='word_1_138' title='bbox 836 1212 1008 1250; x_wconf 58' lang='lat' dir='ltr'>R&#39;iceam</span> <span class='ocrx_word' id='word_1_139' title='bbox 1045 1210 1264 1261; x_wconf 81' lang='lat' dir='ltr'>appellavit,</span> <span class='ocrx_word' id='word_1_140' title='bbox 1296 1210 1461 1247; x_wconf 89' lang='lat' dir='ltr'>alterum</span> 
     </span>
     <span class='ocr_line' id='line_1_18' title="bbox 118 1273 1460 1326; baseline -0.002 -13"><span class='ocrx_word' id='word_1_141' title='bbox 118 1276 382 1325; x_wconf 70' lang='lat' dir='ltr'>Buceplzczlon,</span> <span class='ocrx_word' id='word_1_142' title='bbox 404 1276 502 1326; x_wconf 88' lang='lat' dir='ltr'>equi,</span> <span class='ocrx_word' id='word_1_143' title='bbox 523 1288 635 1326; x_wconf 91' lang='lat' dir='ltr'>quem</span> <span class='ocrx_word' id='word_1_144' title='bbox 666 1276 858 1322; x_wconf 89' lang='lat' dir='ltr'>amiserat,</span> <span class='ocrx_word' id='word_1_145' title='bbox 884 1274 1078 1312; x_wconf 83' lang='lat' dir='ltr'>memoriae</span> <span class='ocrx_word' id='word_1_146' title='bbox 1108 1286 1150 1311; x_wconf 89' lang='lat' dir='ltr'>ac</span> <span class='ocrx_word' id='word_1_147' title='bbox 1182 1273 1328 1312; x_wconf 90' lang='lat' dir='ltr'>nomini</span> <span class='ocrx_word' id='word_1_148' title='bbox 1357 1273 1460 1310; x_wconf 89' lang='lat' dir='ltr'>dedi-</span> 
     </span>
     <span class='ocr_line' id='line_1_19' title="bbox 117 1337 1461 1389; baseline -0.002 -13"><span class='ocrx_word' id='word_1_149' title='bbox 117 1352 203 1376; x_wconf 86' lang='lat' dir='ltr'>cans</span> <span class='ocrx_word' id='word_1_150' title='bbox 222 1339 366 1377; x_wconf 88' lang='lat' dir='ltr'>urbem.</span> <span class='ocrx_word' id='word_1_151' title='bbox 427 1338 656 1389; x_wconf 80' lang='lat' dir='ltr'>ElephantIS</span> <span class='ocrx_word' id='word_1_152' title='bbox 677 1338 814 1376; x_wconf 74' lang='lat' dir='ltr'>deinde</span> <span class='ocrx_word' id='word_1_153' title='bbox 836 1343 876 1376; x_wconf 92' lang='lat' dir='ltr'>et</span> <span class='ocrx_word' id='word_1_154' title='bbox 905 1337 1189 1388; x_wconf 82' lang='lat' dir='ltr'>impedimentis</span> <span class='ocrx_word' id='word_1_155' title='bbox 1219 1339 1324 1374; x_wconf 72' lang='lat' dir='ltr'>terra.</span> <span class='ocrx_word' id='word_1_156' title='bbox 1354 1337 1461 1387; x_wconf 86' lang='lat' dir='ltr'>sequi</span> 
     </span>
     <span class='ocr_line' id='line_1_20' title="bbox 124 1400 1459 1453; baseline -0.001 -14"><span class='ocrx_word' id='word_1_157' title='bbox 124 1403 255 1452; x_wconf 86' lang='lat' dir='ltr'>jussis,</span> <span class='ocrx_word' id='word_1_158' title='bbox 277 1402 442 1440; x_wconf 91' lang='lat' dir='ltr'>secundo</span> <span class='ocrx_word' id='word_1_159' title='bbox 476 1415 584 1439; x_wconf 88' lang='lat' dir='ltr'>amne</span> <span class='ocrx_word' id='word_1_160' title='bbox 614 1402 788 1449; x_wconf 80' lang='lat' dir='ltr'>defluxit,</span> <span class='ocrx_word' id='word_1_161' title='bbox 808 1401 1064 1453; x_wconf 85' lang='lat' dir='ltr'>quadraginta</span> <span class='ocrx_word' id='word_1_162' title='bbox 1089 1400 1208 1438; x_wconf 78' lang='lat' dir='ltr'>ferme</span> <span class='ocrx_word' id='word_1_163' title='bbox 1243 1400 1370 1438; x_wconf 86' lang='lat' dir='ltr'>stadia</span> <span class='ocrx_word' id='word_1_164' title='bbox 1390 1401 1459 1437; x_wconf 91' lang='lat' dir='ltr'>sin-</span> 
     </span>
     <span class='ocr_line' id='line_1_21' title="bbox 116 1463 1460 1517; baseline -0.002 -14"><span class='ocrx_word' id='word_1_165' title='bbox 116 1467 217 1517; x_wconf 79' lang='lat' dir='ltr'>gulis</span> <span class='ocrx_word' id='word_1_166' title='bbox 249 1466 382 1504; x_wconf 91' lang='lat' dir='ltr'>diebus</span> <span class='ocrx_word' id='word_1_167' title='bbox 413 1466 634 1516; x_wconf 76' lang='lat' dir='ltr'>procedenS,</span> <span class='ocrx_word' id='word_1_168' title='bbox 656 1470 700 1503; x_wconf 87' lang='lat' dir='ltr'>ut</span> <span class='ocrx_word' id='word_1_169' title='bbox 734 1465 959 1516; x_wconf 85' lang='lat' dir='ltr'>opportunis</span> <span class='ocrx_word' id='word_1_170' title='bbox 997 1464 1092 1502; x_wconf 88' lang='lat' dir='ltr'>locis</span> <span class='ocrx_word' id='word_1_171' title='bbox 1124 1464 1263 1514; x_wconf 79' lang='lat' dir='ltr'>exponi</span> <span class='ocrx_word' id='word_1_172' title='bbox 1297 1463 1460 1501; x_wconf 77' lang='lat' dir='ltr'>subinde</span> 
     </span>
     <span class='ocr_line' id='line_1_22' title="bbox 118 1529 421 1579; baseline -0.007 -12"><span class='ocrx_word' id='word_1_173' title='bbox 118 1529 236 1579; x_wconf 74' lang='lat' dir='ltr'>eapiae</span> <span class='ocrx_word' id='word_1_174' title='bbox 256 1534 421 1579; x_wconf 85' lang='lat' dir='ltr'>possent.</span> 
     </span>
    </p>

    <p class='ocr_par' dir='ltr' id='par_1_3' title="bbox 118 1589 1464 2527">
     <span class='ocr_line' id='line_1_23' title="bbox 198 1589 1462 1641; baseline -0.002 -12"><span class='ocrx_word' id='word_1_175' title='bbox 198 1591 272 1629; x_wconf 82' lang='lat' dir='ltr'>IV.</span> <span class='ocrx_word' id='word_1_176' title='bbox 309 1593 366 1629; x_wconf 87' lang='grc'>10.</span> <span class='ocrx_word' id='word_1_177' title='bbox 399 1591 634 1629; x_wconf 84' lang='lat' dir='ltr'>Perventum</span> <span class='ocrx_word' id='word_1_178' title='bbox 663 1595 745 1629; x_wconf 90' lang='lat' dir='ltr'>erat</span> <span class='ocrx_word' id='word_1_179' title='bbox 774 1591 814 1628; x_wconf 91' lang='lat' dir='ltr'>in</span> <span class='ocrx_word' id='word_1_180' title='bbox 846 1590 1052 1641; x_wconf 83' lang='lat' dir='ltr'>regionem,</span> <span class='ocrx_word' id='word_1_181' title='bbox 1084 1590 1124 1627; x_wconf 90' lang='lat' dir='ltr'>in</span> <span class='ocrx_word' id='word_1_182' title='bbox 1151 1592 1229 1641; x_wconf 70' lang='lat' dir='ltr'>qua</span> <span class='ocrx_word' id='word_1_183' title='bbox 1255 1589 1462 1640; x_wconf 72' lang='lat' dir='ltr'>Hydaspes</span> 
     </span>
     <span class='ocr_line' id='line_1_24' title="bbox 118 1653 1460 1693; baseline -0.001 -1"><span class='ocrx_word' id='word_1_184' title='bbox 118 1655 240 1693; x_wconf 86' lang='lat' dir='ltr'>amnis</span> <span class='ocrx_word' id='word_1_185' title='bbox 260 1654 419 1692; x_wconf 87' lang='lat' dir='ltr'>Acesini</span> <span class='ocrx_word' id='word_1_186' title='bbox 439 1655 700 1692; x_wconf 86' lang='lat' dir='ltr'>committitur.</span> <span class='ocrx_word' id='word_1_187' title='bbox 761 1654 866 1692; x_wconf 89' lang='lat' dir='ltr'>Hinc</span> <span class='ocrx_word' id='word_1_188' title='bbox 897 1654 1068 1692; x_wconf 88' lang='lat' dir='ltr'>decurrit</span> <span class='ocrx_word' id='word_1_189' title='bbox 1098 1653 1137 1690; x_wconf 90' lang='lat' dir='ltr'>in</span> <span class='ocrx_word' id='word_1_190' title='bbox 1152 1654 1225 1691; x_wconf 88' lang='lat' dir='ltr'>fine</span> <span class='ocrx_word' id='word_1_191' title='bbox 1246 1653 1460 1691; x_wconf 85' lang='lat' dir='ltr'>Sobiorum.</span> 
     </span>
     <span class='ocr_line' id='line_1_25' title="bbox 121 1718 1463 1767; baseline -0.001 -12"><span class='ocrx_word' id='word_1_192' title='bbox 121 1719 176 1755; x_wconf 88' lang='lat' dir='ltr'>Ili</span> <span class='ocrx_word' id='word_1_193' title='bbox 211 1718 257 1755; x_wconf 90' lang='lat' dir='ltr'>de</span> <span class='ocrx_word' id='word_1_194' title='bbox 287 1718 462 1756; x_wconf 77' lang='lat' dir='ltr'>exercitu</span> <span class='ocrx_word' id='word_1_195' title='bbox 484 1718 667 1755; x_wconf 89' lang='lat' dir='ltr'>Herculis</span> <span class='ocrx_word' id='word_1_196' title='bbox 698 1719 863 1767; x_wconf 84' lang='lat' dir='ltr'>majores</span> <span class='ocrx_word' id='word_1_197' title='bbox 894 1730 983 1755; x_wconf 90' lang='lat' dir='ltr'>suos</span> <span class='ocrx_word' id='word_1_198' title='bbox 1016 1721 1312 1755; x_wconf 85' lang='lat' dir='ltr'>commemorant</span> <span class='ocrx_word' id='word_1_199' title='bbox 1340 1728 1463 1766; x_wconf 82' lang='lat' dir='ltr'>aegros</span> 
     </span>
     <span class='ocr_line' id='line_1_26' title="bbox 120 1779 1462 1832; baseline -0.002 -13"><span class='ocrx_word' id='word_1_200' title='bbox 120 1782 274 1819; x_wconf 82' lang='lat' dir='ltr'>relictos</span> <span class='ocrx_word' id='word_1_201' title='bbox 295 1781 441 1832; x_wconf 76' lang='lat' dir='ltr'>cepisse</span> <span class='ocrx_word' id='word_1_202' title='bbox 461 1781 601 1829; x_wconf 84' lang='lat' dir='ltr'>sedem,</span> <span class='ocrx_word' id='word_1_203' title='bbox 623 1782 756 1832; x_wconf 81' lang='lat' dir='ltr'>¹quam</span> <span class='ocrx_word' id='word_1_204' title='bbox 775 1781 849 1832; x_wconf 90' lang='lat' dir='ltr'>ipsi</span> <span class='ocrx_word' id='word_1_205' title='bbox 869 1781 1103 1820; x_wconf 88' lang='lat' dir='ltr'>obtinebant.</span> <span class='ocrx_word' id='word_1_206' title='bbox 1154 1779 1284 1817; x_wconf 88' lang='lat' dir='ltr'>Pelles</span> <span class='ocrx_word' id='word_1_207' title='bbox 1297 1779 1462 1817; x_wconf 87' lang='lat' dir='ltr'>ferarum</span> 
     </span>
     <span class='ocr_line' id='line_1_27' title="bbox 120 1841 1463 1899; baseline -0.002 -17"><span class='ocrx_word' id='word_1_208' title='bbox 120 1859 186 1895; x_wconf 87' lang='lat' dir='ltr'>pro</span> <span class='ocrx_word' id='word_1_209' title='bbox 219 1850 338 1899; x_wconf 78' lang='lat' dir='ltr'>veste,</span> <span class='ocrx_word' id='word_1_210' title='bbox 374 1845 491 1882; x_wconf 72' lang='lat' dir='ltr'>clavae</span> <span class='ocrx_word' id='word_1_211' title='bbox 524 1844 602 1882; x_wconf 85' lang='lat' dir='ltr'>tela</span> <span class='ocrx_word' id='word_1_212' title='bbox 638 1850 756 1882; x_wconf 84' lang='lat' dir='ltr'>erant.</span> <span class='ocrx_word' id='word_1_213' title='bbox 826 1843 1038 1894; x_wconf 86' lang='lat' dir='ltr'>Multaque,</span> <span class='ocrx_word' id='word_1_214' title='bbox 1059 1843 1175 1880; x_wconf 85' lang='lat' dir='ltr'>etiam</span> <span class='ocrx_word' id='word_1_215' title='bbox 1207 1843 1297 1879; x_wconf 70' lang='lat' dir='ltr'>cuni</span> <span class='ocrx_word' id='word_1_216' title='bbox 1335 1841 1463 1880; x_wconf 80' lang='lat' dir='ltr'>Graeei</span> 
     </span>
     <span class='ocr_line' id='line_1_28' title="bbox 121 1905 1463 1957; baseline -0.004 -11"><span class='ocrx_word' id='word_1_217' title='bbox 121 1922 246 1946; x_wconf 85' lang='lat' dir='ltr'>mores</span> <span class='ocrx_word' id='word_1_218' title='bbox 294 1908 561 1955; x_wconf 83' lang='lat' dir='ltr'>exolevissent‚</span> <span class='ocrx_word' id='word_1_219' title='bbox 600 1908 613 1925; x_wconf 75' lang='lat'>²</span> <span class='ocrx_word' id='word_1_220' title='bbox 629 1907 761 1957; x_wconf 85' lang='lat' dir='ltr'>stirpis</span> <span class='ocrx_word' id='word_1_221' title='bbox 811 1906 1064 1944; x_wconf 86' lang='lat' dir='ltr'>ostendebant</span> <span class='ocrx_word' id='word_1_222' title='bbox 1109 1905 1282 1957; x_wconf 74' lang='lat' dir='ltr'>vestigia.</span> <span class='ocrx_word' id='word_1_223' title='bbox 1359 1905 1463 1942; x_wconf 89' lang='lat' dir='ltr'>Hinc</span> 
     </span>
     <span class='ocr_line' id='line_1_29' title="bbox 121 1969 1461 2021; baseline -0.003 -12"><span class='ocrx_word' id='word_1_224' title='bbox 121 1973 131 1989; x_wconf 76' lang='lat'><em>³</em></span> <span class='ocrx_word' id='word_1_225' title='bbox 148 1972 393 2009; x_wconf 80' lang='lat' dir='ltr'>exscensione</span> <span class='ocrx_word' id='word_1_226' title='bbox 413 1972 526 2019; x_wconf 60' lang='lat' dir='ltr'>factal,</span> <span class='ocrx_word' id='word_1_227' title='bbox 548 1971 711 2009; x_wconf 82' lang='lat' dir='ltr'>ducenta</span> <span class='ocrx_word' id='word_1_228' title='bbox 731 1975 769 2008; x_wconf 89' lang='lat' dir='ltr'>et</span> <span class='ocrx_word' id='word_1_229' title='bbox 798 1969 1075 2021; x_wconf 83' lang='lat' dir='ltr'>quinquaginta</span> <span class='ocrx_word' id='word_1_230' title='bbox 1095 1969 1222 2006; x_wconf 83' lang='lat' dir='ltr'>stadia</span> <span class='ocrx_word' id='word_1_231' title='bbox 1254 1969 1461 2019; x_wconf 86' lang='lat' dir='ltr'>processit;</span> 
     </span>
     <span class='ocr_line' id='line_1_30' title="bbox 122 2031 1460 2085; baseline -0.002 -13"><span class='ocrx_word' id='word_1_232' title='bbox 122 2035 450 2085; x_wconf 81' lang='lat' dir='ltr'>depopulatusque</span> <span class='ocrx_word' id='word_1_233' title='bbox 477 2034 682 2085; x_wconf 85' lang='lat' dir='ltr'>regionem,</span> <span class='ocrx_word' id='word_1_234' title='bbox 703 2033 885 2084; x_wconf 87' lang='lat' dir='ltr'>oppidum</span> <span class='ocrx_word' id='word_1_235' title='bbox 918 2038 1032 2083; x_wconf 89' lang='lat' dir='ltr'>caput</span> <span class='ocrx_word' id='word_1_236' title='bbox 1067 2034 1149 2082; x_wconf 79' lang='lat' dir='ltr'>ojus</span> <span class='ocrx_word' id='word_1_237' title='bbox 1182 2035 1321 2070; x_wconf 70' lang='lat' dir='ltr'>corona.</span> <span class='ocrx_word' id='word_1_238' title='bbox 1350 2031 1460 2082; x_wconf 86' lang='lat' dir='ltr'>cepit.</span> 
     </span>
     <span class='ocr_line' id='line_1_31' title="bbox 123 2096 1462 2148; baseline -0.003 -13"><span class='ocrx_word' id='word_1_239' title='bbox 123 2097 388 2147; x_wconf 80' lang='lat' dir='ltr'>Quadraginta</span> <span class='ocrx_word' id='word_1_240' title='bbox 407 2097 580 2148; x_wconf 86' lang='lat' dir='ltr'>peditum</span> <span class='ocrx_word' id='word_1_241' title='bbox 600 2097 722 2134; x_wconf 90' lang='lat' dir='ltr'>millia</span> <span class='ocrx_word' id='word_1_242' title='bbox 740 2109 833 2147; x_wconf 86' lang='lat' dir='ltr'>gens</span> <span class='ocrx_word' id='word_1_243' title='bbox 854 2096 892 2133; x_wconf 91' lang='lat' dir='ltr'>in</span> <span class='ocrx_word' id='word_1_244' title='bbox 909 2096 991 2146; x_wconf 73' lang='lat' dir='ltr'>ripa</span> <span class='ocrx_word' id='word_1_245' title='bbox 1008 2096 1206 2133; x_wconf 83' lang='lat' dir='ltr'>fluminum</span> <span class='ocrx_word' id='word_1_246' title='bbox 1222 2099 1462 2146; x_wconf 86' lang='lat' dir='ltr'>opposuerat,</span> 
     </span>
     <span class='ocr_line' id='line_1_32' title="bbox 121 2158 1463 2212; baseline -0.001 -15"><span class='ocrx_word' id='word_1_247' title='bbox 121 2174 219 2212; x_wconf 82' lang='lat' dir='ltr'>quae,</span> <span class='ocrx_word' id='word_1_248' title='bbox 241 2174 349 2197; x_wconf 89' lang='lat' dir='ltr'>amne</span> <span class='ocrx_word' id='word_1_249' title='bbox 370 2166 561 2210; x_wconf 84' lang='lat' dir='ltr'>superato,</span> <span class='ocrx_word' id='word_1_250' title='bbox 583 2161 621 2198; x_wconf 89' lang='lat' dir='ltr'>iu</span> <span class='ocrx_word' id='word_1_251' title='bbox 641 2161 769 2211; x_wconf 79' lang='lat' dir='ltr'>fugam</span> <span class='ocrx_word' id='word_1_252' title='bbox 790 2159 986 2209; x_wconf 85' lang='lat' dir='ltr'>compulit,</span> <span class='ocrx_word' id='word_1_253' title='bbox 1008 2159 1250 2210; x_wconf 87' lang='lat' dir='ltr'>inclusosque</span> <span class='ocrx_word' id='word_1_254' title='bbox 1277 2158 1463 2197; x_wconf 86' lang='lat' dir='ltr'>moenibus</span> 
     </span>
     <span class='ocr_line' id='line_1_33' title="bbox 124 2221 1463 2274; baseline -0.001 -14"><span class='ocrx_word' id='word_1_255' title='bbox 124 2229 328 2274; x_wconf 81' lang='lat' dir='ltr'>expugnat.</span> <span class='ocrx_word' id='word_1_256' title='bbox 388 2224 560 2261; x_wconf 83' lang='lat' dir='ltr'>Puberes</span> <span class='ocrx_word' id='word_1_257' title='bbox 595 2224 787 2261; x_wconf 82' lang='lat' dir='ltr'>interfecti</span> <span class='ocrx_word' id='word_1_258' title='bbox 819 2230 920 2270; x_wconf 84' lang='lat' dir='ltr'>sunt,</span> <span class='ocrx_word' id='word_1_259' title='bbox 942 2224 1070 2262; x_wconf 79' lang='lat' dir='ltr'>caetcri</span> <span class='ocrx_word' id='word_1_260' title='bbox 1100 2224 1337 2262; x_wconf 60' lang='lat' dir='ltr'>‘venierunt</span> <span class='ocrx_word' id='word_1_261' title='bbox 1396 2221 1463 2260; x_wconf 85' lang='lat' dir='ltr'>Al-</span> 
     </span>
     <span class='ocr_line' id='line_1_34' title="bbox 125 2286 1463 2338; baseline 0.001 -15"><span class='ocrx_word' id='word_1_262' title='bbox 125 2293 244 2324; x_wconf 87' lang='lat' dir='ltr'>teram</span> <span class='ocrx_word' id='word_1_263' title='bbox 276 2286 412 2324; x_wconf 58' lang='lat' dir='ltr'>deinde</span> <span class='ocrx_word' id='word_1_264' title='bbox 442 2287 574 2324; x_wconf 83' lang='lat' dir='ltr'>urbem</span> <span class='ocrx_word' id='word_1_265' title='bbox 607 2300 822 2337; x_wconf 79' lang='lat' dir='ltr'>expugnare</span> <span class='ocrx_word' id='word_1_266' title='bbox 857 2287 1028 2334; x_wconf 80' lang='lat' dir='ltr'>adortus,</span> <span class='ocrx_word' id='word_1_267' title='bbox 1049 2289 1261 2338; x_wconf 75' lang='lat' dir='ltr'>inagnzique</span> <span class='ocrx_word' id='word_1_268' title='bbox 1281 2286 1318 2324; x_wconf 78' lang='lat' dir='ltr'>vi</span> <span class='ocrx_word' id='word_1_269' title='bbox 1338 2286 1463 2324; x_wconf 83' lang='lat' dir='ltr'>defeu-</span> 
     </span>
     <span class='ocr_line' id='line_1_35' title="bbox 127 2349 1464 2400; baseline 0 -13"><span class='ocrx_word' id='word_1_270' title='bbox 127 2350 299 2387; x_wconf 83' lang='lat' dir='ltr'>dentium</span> <span class='ocrx_word' id='word_1_271' title='bbox 319 2349 463 2400; x_wconf 86' lang='lat' dir='ltr'>pulsus,</span> <span class='ocrx_word' id='word_1_272' title='bbox 485 2349 625 2386; x_wconf 72' lang='lat' dir='ltr'>multos</span> <span class='ocrx_word' id='word_1_273' title='bbox 656 2349 907 2387; x_wconf 81' lang='lat' dir='ltr'>Macedonum</span> <span class='ocrx_word' id='word_1_274' title='bbox 927 2350 1076 2387; x_wconf 87' lang='lat' dir='ltr'>amisit:</span> <span class='ocrx_word' id='word_1_275' title='bbox 1107 2349 1174 2387; x_wconf 84' lang='lat' dir='ltr'>sed</span> <span class='ocrx_word' id='word_1_276' title='bbox 1194 2350 1282 2387; x_wconf 66' lang='lat' dir='ltr'>cnm</span> <span class='ocrx_word' id='word_1_277' title='bbox 1311 2349 1350 2387; x_wconf 89' lang='lat' dir='ltr'>in</span> <span class='ocrx_word' id='word_1_278' title='bbox 1369 2349 1464 2388; x_wconf 88' lang='lat' dir='ltr'>obsi-</span> 
     </span>
     <span class='ocr_line' id='line_1_36' title="bbox 127 2413 1464 2465; baseline -0.001 -14"><span class='ocrx_word' id='word_1_279' title='bbox 127 2414 239 2451; x_wconf 87' lang='lat' dir='ltr'>dione</span> <span class='ocrx_word' id='word_1_280' title='bbox 274 2415 569 2463; x_wconf 69' lang='lat' dir='ltr'>perseverasset,</span> <span class='ocrx_word' id='word_1_281' title='bbox 600 2413 792 2463; x_wconf 79' lang='lat' dir='ltr'>oppidani,</span> <span class='ocrx_word' id='word_1_282' title='bbox 821 2413 1023 2463; x_wconf 71' lang='lat' dir='ltr'>desperata</span> <span class='ocrx_word' id='word_1_283' title='bbox 1055 2413 1190 2460; x_wconf 86' lang='lat' dir='ltr'>salute,</span> <span class='ocrx_word' id='word_1_284' title='bbox 1223 2413 1347 2465; x_wconf 87' lang='lat' dir='ltr'>ignem</span> <span class='ocrx_word' id='word_1_285' title='bbox 1380 2413 1464 2450; x_wconf 88' lang='lat' dir='ltr'>sub·</span> 
     </span>
     <span class='ocr_line' id='line_1_37' title="bbox 134 2475 1463 2527; baseline 0 -13"><span class='ocrx_word' id='word_1_286' title='bbox 134 2478 263 2526; x_wconf 66' lang='lat' dir='ltr'>jecere</span> <span class='ocrx_word' id='word_1_287' title='bbox 299 2477 437 2514; x_wconf 74' lang='lat' dir='ltr'>tectis·</span> <span class='ocrx_word' id='word_1_288' title='bbox 480 2490 518 2513; x_wconf 63' lang='lat' dir='ltr'>se</span> <span class='ocrx_word' id='word_1_289' title='bbox 553 2490 701 2526; x_wconf 70' lang='lat' dir='ltr'>quoque</span> <span class='ocrx_word' id='word_1_290' title='bbox 740 2490 781 2513; x_wconf 82' lang='lat' dir='ltr'>ae</span> <span class='ocrx_word' id='word_1_291' title='bbox 821 2477 960 2514; x_wconf 71' lang='lat' dir='ltr'>liberos</span> <span class='ocrx_word' id='word_1_292' title='bbox 997 2478 1253 2527; x_wconf 80' lang='lat' dir='ltr'>conjugesque</span> <span class='ocrx_word' id='word_1_293' title='bbox 1291 2475 1463 2514; x_wconf 84' lang='lat' dir='ltr'>incendic</span> 
     </span>
    </p>
   </div>
  </div>
 </body>
</html>
