1583 2680
508 141 669 167 L11313n
707 141 750 166 v.
808 141 905 166 tAP.
949 141 979 166 1.
1364 133 1407 170 81
1453 146 1461 152 ·

68 238 196 273 menta
227 234 349 286 regni,
384 246 537 272 causam
568 233 673 283 belli,
705 233 887 272 victorem
916 237 1196 284 occupaturum.
1264 235 1319 272 At
1348 235 1411 273 ille

66 297 200 336 docere
217 298 353 349 pergit,
374 310 448 336 non
468 298 479 315 ⁷
496 296 666 347 speciosa
693 296 808 344 dictu,
828 295 896 334 sed
922 309 995 334 usu
1012 297 1226 335 neccssaria
1245 297 1283 334 in
1301 298 1412 336 rebus

65 360 236 399 adversis
256 359 442 411 sequenda
461 372 554 398 esse.
610 359 730 397 Ferro
747 358 828 410 geri
847 358 960 408 bella,
976 372 1051 397 non
1069 373 1180 409 auro;
1210 360 1316 409 viris,
1336 374 1410 398 non

66 423 218 462 urbium
236 423 351 462 tectis
367 437 376 462 ε
395 423 417 441 ‘⁸
432 423 559 461 omnia
588 422 695 473 sequi
723 427 901 460 armatos.
959 422 1023 461 Sic
1041 424 1205 473 majores
1226 436 1311 461 suos
1330 438 1410 473 pcr-

65 487 188 525 culsos
217 487 259 525 in
289 486 476 538 principio
505 499 643 534 rerum,
675 485 849 524 celeriter
877 485 1080 536 pristinam
1108 490 1306 537 repa1·;“2sse
1338 488 1410 524 for-

65 556 207 589 tunam.
263 550 394 602 Igitur
423 550 503 588 sive
536 549 763 587 confirmatis
782 561 912 587 eorum
939 549 1086 598 animis,
1107 549 1187 588 sive
1206 550 1407 600 imperium

62 614 197 665 magis,
216 614 332 665 quam
352 613 551 651 consilium
571 612 830 664 sequentibus,
851 612 991 651 Mediae
1015 613 1108 650 fines
1127 613 1321 664 ingressus
1340 620 1407 652 cst.

143 680 177 716 2.
209 677 333 716 Paulo
351 680 436 727 post
455 675 678 715 Alexandro
697 675 842 714 Arbela
869 675 1086 724 traduntur,
1107 676 1212 728 regia
1231 676 1407 726 supellec-

63 739 134 789 tili,
164 740 311 791 ditique
341 742 437 791 gaza
467 739 624 789 repleta.
681 737 856 783 Quatuor
891 738 1016 776 millia
1050 738 1242 776 talentum
1276 739 1406 776 fuere:

62 805 246 853 praetcrea
264 803 442 853 pretiosae
461 807 596 850 vestes,
613 801 732 839 totius
747 801 806 850 (ut
825 802 939 851 supra
958 801 1104 839 dictum
1122 804 1194 853 est)
1215 802 1408 840 exercitiis

62 867 195 917 opibus
214 866 253 904 in
273 866 379 904 illam
398 865 529 903 sedem
548 866 748 916 congestis.
806 863 1077 915 Ingruentibus
1097 865 1234 903 deinde
1253 865 1407 914 morbis,

61 942 155 980 quos
199 928 291 967 odor
335 928 560 967 cadaverum
603 927 697 965 totis
740 928 950 977 jacentium
997 927 1138 978 eampis
1174 927 1407 980 vulgaverat,

61 992 251 1030 maturius
287 995 416 1029 castra
450 990 579 1028 movit.
653 991 665 1008 ⁹
678 989 869 1028 Euntibus
914 1003 937 1027 a
972 995 1081 1040 parte
1117 990 1215 1030 laeva
1250 990 1407 1039 Arabia,

60 1054 217 1092 odorum
235 1053 438 1092 fertilitate
466 1051 606 1091 nobilis
635 1052 752 1103 regio,
785 1053 807 1070 ¹⁰
822 1057 1033 1102 campestre
1061 1052 1144 1100 iter,
1175 1058 1243 1092 cst.
1299 1053 1409 1091 Inter

61 1117 198 1168 Tigrin
216 1122 255 1155 et
274 1106 513 1168 Euphratem
532 1117 555 1134 ¹¹
571 1115 739 1166 jacentia
759 1120 838 1152 tam
855 1115 976 1163 uberi,
996 1120 1036 1153 et
1054 1116 1188 1167 pingui
1209 1116 1287 1153 solo
1308 1121 1407 1164 sunt,

63 1187 105 1218 ut
125 1194 147 1218 a
164 1185 279 1232 pastu
297 1180 433 1231 repelli
451 1192 586 1230 pecora
605 1179 792 1227 dicantur,
812 1191 859 1216 ne
878 1178 1038 1216 satietas
1056 1178 1227 1228 perimat.
1286 1178 1410 1218 Causa

60 1244 280 1282 fertilitatis
311 1248 369 1282 est
398 1243 545 1291 humor,
565 1242 630 1294 qui
659 1255 707 1279 ex
733 1247 895 1293 utroque
914 1253 1025 1279 amne
1042 1246 1196 1291 manat3
1227 1246 1308 1279 toto
1328 1243 1407 1279 fere

60 1307 142 1346 solo
187 1311 341 1357 propter
383 1318 498 1345 venas
542 1318 727 1356 aquarum
772 1304 985 1343 resudante.
1059 1304 1142 1354 Ipsi
1188 1318 1315 1342 amnes
1362 1318 1407 1342 cx

61 1371 257 1410 Armeniae
291 1369 486 1408 montibus
525 1369 728 1419 profluunt,
762 1380 806 1406 ae
844 1368 868 1386 ¹²
880 1381 1015 1419 magno
1053 1367 1188 1406 deinde
1226 1381 1406 1419 aquarum

61 1434 222 1473 divortio
241 1434 326 1482 iter,
347 1433 447 1485 quod
473 1436 679 1483 coeperunt,
700 1435 939 1482 percurrunt.
995 1431 1081 1469 Duo
1107 1431 1230 1470 millia
1248 1437 1287 1469 et
1305 1433 1409 1483 quin-

61 1502 175 1549 genta
193 1497 317 1535 stadia
335 1497 477 1535 emensi
498 1501 599 1544 sunt,
621 1495 644 1514 ¹³
656 1495 722 1546 qui
755 1494 1031 1545 amplissimum
1049 1494 1292 1533 intervallum
1311 1496 1410 1533 circa

62 1561 257 1598 Armeniae
288 1563 437 1597 montes
468 1563 707 1597 notaverunt.
763 1557 888 1595 Iidem
919 1558 1008 1594 cl'lm
1041 1557 1221 1596 ¹⁴Mediae
1250 1563 1289 1596 ct
1317 1558 1409 1597 Gor-

63 1623 261 1660 dianorum
280 1626 403 1659 terras
422 1634 551 1659 secare
570 1624 777 1670 coeperunt,
796 1617 981 1669 paulatim
999 1619 1039 1656 in
1059 1619 1083 1637 ¹⁵
1096 1620 1240 1657 arctius
1259 1625 1408 1668 cocunt,

63 1691 101 1724 et
121 1686 146 1704 ²⁰
159 1688 235 1736 quo
254 1684 402 1736 longios
421 1689 588 1732 manant,
616 1683 689 1721 hoc
709 1682 908 1734 angustius
937 1682 1038 1719 inter
1057 1695 1096 1720 se
1115 1682 1281 1732 spatium
1299 1687 1411 1722 tcrrae

63 1748 291 1799 relinquunt.
367 1746 499 1785 Vicini
544 1746 708 1784 maxime
747 1750 835 1783 sunt
872 1745 911 1782 in
946 1745 1100 1795 campis,
1138 1758 1231 1796 quos
1277 1746 1410 1784 incolae

68 1810 395 1861 BIesopotamiam
414 1809 633 1860 appellant:
674 1808 839 1846 mediam
855 1821 1016 1859 namque
1046 1808 1093 1846 ab
1111 1813 1271 1859 utroque
1291 1809 1410 1847 latere

66 1873 300 1912 concludunt.
359 1874 383 1892 ¹⁷
396 1873 523 1911 Iidem
553 1885 620 1924 per
639 1871 937 1923 Babyloniorum
954 1871 1048 1908 fines
1067 1871 1107 1909 in
1125 1871 1282 1909 rubrum
1302 1871 1410 1910 Marc

65 1940 325 1988 prorumpunt.
395 1935 617 1974 Alexander
647 1933 794 1986 quartis
830 1933 969 1972 castris
1006 1933 1055 1972 ad
1093 1933 1252 1972 Mennin
1279 1935 1409 1972 urbem

65 1999 249 2050 pervenit.
306 1998 478 2038 Caverna
495 1997 550 2037 ibi
567 2003 627 2036 est
643 2010 651 2036 :
681 2010 728 2035 ex
745 1999 821 2049 qua
839 1997 925 2034 fons
952 1997 1146 2048 ingentem
1165 1996 1242 2034 vim
1261 1997 1412 2035 bitumi-

66 2063 128 2101 nis
146 2062 330 2112 effundit3
360 2061 469 2110 adeo,
488 2066 532 2100 ut
550 2061 646 2100 satis
664 2065 822 2109 constet,
850 2059 1231 2110 Babyloniosgnuros
1252 2061 1274 2078 ¹⁶
1289 2060 1413 2112 ingen-

68 2126 121 2164 tis
139 2125 277 2175 operis,
297 2125 414 2175 hujus
431 2125 549 2163 fontis
567 2124 754 2164 bitumine
773 2123 964 2161 interlitos
982 2123 1112 2162 fuisse.

150 2191 184 2228 3.
216 2187 406 2227 Caeterum
446 2187 685 2239 Babylonem
714 2185 936 2238 procedenti
973 2185 1195 2224 Alexandro
1234 2187 1412 2231 Mamm,

70 2253 134 2304 qui
171 2265 219 2289 cx
250 2251 329 2289 acie
358 2251 397 2288 in
429 2251 562 2290 urbem
596 2263 680 2288 eam
713 2250 943 2301 confugerat,
981 2262 1066 2287 cum
1103 2250 1248 2288 adultIs
1285 2249 1414 2287 liberis

71 2315 230 2366 supplex
249 2314 425 2362 occurrit,
443 2313 591 2362 urbem,
625 2326 737 2365 seque
757 2312 908 2350 dedens.
966 2311 1111 2351 Gratus
1129 2313 1314 2350 adventus
1335 2313 1416 2360 ejus

71 2379 146 2417 fuit
183 2377 282 2428 Regi
299 2390 307 2415 t
354 2377 492 2427 quippe
526 2377 656 2428 magni
694 2376 818 2426 operis
863 2376 994 2414 sutura
1033 2380 1115 2414 erat
1153 2375 1301 2414 obsidio
1339 2380 1416 2411 tam

73 2441 231 2480 munitae
250 2440 363 2477 urbis.
404 2439 467 2477 Ad
487 2438 556 2476 hoc
574 2440 634 2477 vir
654 2439 828 2485 illustris,
849 2445 885 2477 ct
907 2440 929 2456 ¹⁹
942 2452 1054 2476 manu
1073 2443 1283 2488 promptus,
1303 2437 1418 2474 fama·
