<?xml version="1.0" encoding="UTF-8"?>
<!DOCTYPE html PUBLIC "-//W3C//DTD XHTML 1.0 Transitional//EN"
    "http://www.w3.org/TR/xhtml1/DTD/xhtml1-transitional.dtd">
<html xmlns="http://www.w3.org/1999/xhtml" xml:lang="en" lang="en">
 <head>
  <title>
</title>
<meta http-equiv="Content-Type" content="text/html;charset=utf-8" />
  <meta name='ocr-system' content='tesseract 3.04.00' />
  <meta name='ocr-capabilities' content='ocr_page ocr_carea ocr_par ocr_line ocrx_word'/>
</head>
<body>
  <div class='ocr_page' id='page_1' title='image "./lifeexploitsofal00curtuoft_0057.png"; bbox 0 0 1583 2680; ppageno 0'>
   <div class='ocr_carea' id='block_1_1' title="bbox 468 139 1383 177">
    <p class='ocr_par' dir='ltr' id='par_1_1' title="bbox 468 139 1383 177">
     <span class='ocr_line' id='line_1_1' title="bbox 468 139 1383 177; baseline -0.001 -1"><span class='ocrx_word' id='word_1_1' title='bbox 468 151 628 177; x_wconf 76' lang='lat' dir='ltr'>LIBER</span> <span class='ocrx_word' id='word_1_2' title='bbox 658 150 727 175; x_wconf 93' lang='lat' dir='ltr'><strong>1v.</strong></span> <span class='ocrx_word' id='word_1_3' title='bbox 768 151 878 175; x_wconf 61' lang='lat' dir='ltr'><strong>car.</strong></span> <span class='ocrx_word' id='word_1_4' title='bbox 920 151 961 175; x_wconf 86' lang='lat' dir='ltr'><strong>v.</strong></span> <span class='ocrx_word' id='word_1_5' title='bbox 1336 139 1383 175; x_wconf 78' lang='lat'><strong>47¹</strong></span> 
     </span>
    </p>
   </div>
   <div class='ocr_carea' id='block_1_2' title="bbox 43 241 1401 2511">
    <p class='ocr_par' dir='ltr' id='par_1_2' title="bbox 43 241 1395 1864">
     <span class='ocr_line' id='line_1_2' title="bbox 43 241 1382 292; baseline -0.001 -11"><span class='ocrx_word' id='word_1_6' title='bbox 43 256 219 282; x_wconf 88' lang='lat' dir='ltr'><strong>coronam</strong></span> <span class='ocrx_word' id='word_1_7' title='bbox 239 256 393 281; x_wconf 87' lang='lat' dir='ltr'><strong>auream</strong></span> <span class='ocrx_word' id='word_1_8' title='bbox 414 243 553 282; x_wconf 90' lang='lat' dir='ltr'><strong>donum</strong></span> <span class='ocrx_word' id='word_1_9' title='bbox 572 243 744 282; x_wconf 82' lang='lat' dir='ltr'><strong>victoriae</strong></span> <span class='ocrx_word' id='word_1_10' title='bbox 763 243 914 281; x_wconf 91' lang='lat' dir='ltr'><strong>ferrent.</strong></span> <span class='ocrx_word' id='word_1_11' title='bbox 975 243 999 261; x_wconf 76' lang='lat'><strong>²⁴</strong></span> <span class='ocrx_word' id='word_1_12' title='bbox 1015 242 1140 280; x_wconf 85' lang='lat' dir='ltr'><strong>Iidem</strong></span> <span class='ocrx_word' id='word_1_13' title='bbox 1160 241 1274 292; x_wconf 71' lang='lat' dir='ltr'><strong>paulo</strong></span> <span class='ocrx_word' id='word_1_14' title='bbox 1295 243 1382 279; x_wconf 67' lang='lat' dir='ltr'><strong>ante</strong></span> 
     </span>
     <span class='ocr_line' id='line_1_3' title="bbox 43 305 1382 358; baseline -0.001 -14"><span class='ocrx_word' id='word_1_15' title='bbox 43 307 200 345; x_wconf 80' lang='lat' dir='ltr'><strong>incertae</strong></span> <span class='ocrx_word' id='word_1_16' title='bbox 233 307 345 345; x_wconf 79' lang='lat' dir='ltr'><strong>famae</strong></span> <span class='ocrx_word' id='word_1_17' title='bbox 378 311 626 357; x_wconf 73' lang='lat' dir='ltr'>captaverant</span> <span class='ocrx_word' id='word_1_18' title='bbox 658 320 798 356; x_wconf 91' lang='lat' dir='ltr'><strong>auram,</strong></span> <span class='ocrx_word' id='word_1_19' title='bbox 830 311 875 344; x_wconf 93' lang='lat' dir='ltr'><strong>ut</strong></span> <span class='ocrx_word' id='word_1_20' title='bbox 906 306 1143 358; x_wconf 62' lang='lat' dir='ltr'><strong>qudcumque</strong></span> <span class='ocrx_word' id='word_1_21' title='bbox 1175 305 1382 356; x_wconf 74' lang='lat' dir='ltr'><strong>pendentes</strong></span> 
     </span>
     <span class='ocr_line' id='line_1_4' title="bbox 43 369 1382 422; baseline -0.001 -15"><span class='ocrx_word' id='word_1_22' title='bbox 43 371 191 408; x_wconf 91' lang='lat' dir='ltr'><strong>animos</strong></span> <span class='ocrx_word' id='word_1_23' title='bbox 225 370 380 408; x_wconf 88' lang='lat' dir='ltr'><strong>tulisset</strong></span> <span class='ocrx_word' id='word_1_24' title='bbox 416 371 580 419; x_wconf 86' lang='lat' dir='ltr'><strong>fortuna,</strong></span> <span class='ocrx_word' id='word_1_25' title='bbox 617 375 874 422; x_wconf 82' lang='lat' dir='ltr'><strong>sequerentur.</strong></span> <span class='ocrx_word' id='word_1_26' title='bbox 935 370 960 387; x_wconf 73' lang='lat'><strong>¹⁵</strong></span> <span class='ocrx_word' id='word_1_27' title='bbox 974 369 1164 408; x_wconf 70' lang='lat' dir='ltr'><strong>Caeteriim</strong></span> <span class='ocrx_word' id='word_1_28' title='bbox 1196 382 1271 406; x_wconf 89' lang='lat' dir='ltr'><strong>non</strong></span> <span class='ocrx_word' id='word_1_29' title='bbox 1304 369 1382 418; x_wconf 88' lang='lat' dir='ltr'><strong>ipse</strong></span> 
     </span>
     <span class='ocr_line' id='line_1_5' title="bbox 43 432 1380 485; baseline -0.001 -14"><span class='ocrx_word' id='word_1_30' title='bbox 43 434 154 472; x_wconf 68' lang='lat' dir='ltr'><strong>modo</strong></span> <span class='ocrx_word' id='word_1_31' title='bbox 175 433 264 472; x_wconf 83' lang='lat' dir='ltr'><strong>Rex</strong></span> <span class='ocrx_word' id='word_1_32' title='bbox 283 434 414 472; x_wconf 81' lang='lat' dir='ltr'><strong>obibat</strong></span> <span class='ocrx_word' id='word_1_33' title='bbox 433 434 558 482; x_wconf 88' lang='lat' dir='ltr'><strong>urbes,</strong></span> <span class='ocrx_word' id='word_1_34' title='bbox 580 434 731 484; x_wconf 86' lang='lat' dir='ltr'><strong>imperii</strong></span> <span class='ocrx_word' id='word_1_35' title='bbox 747 435 883 485; x_wconf 90' lang='lat' dir='ltr'><strong>jugum</strong></span> <span class='ocrx_word' id='word_1_36' title='bbox 905 433 1028 471; x_wconf 87' lang='lat' dir='ltr'><strong>adhuc</strong></span> <span class='ocrx_word' id='word_1_37' title='bbox 1047 437 1287 471; x_wconf 79' lang='lat' dir='ltr'><strong>recusantes:</strong></span> <span class='ocrx_word' id='word_1_38' title='bbox 1318 432 1380 470; x_wconf 87' lang='lat' dir='ltr'><strong>sed</strong></span> 
     </span>
     <span class='ocr_line' id='line_1_6' title="bbox 44 496 1384 548; baseline -0.001 -14"><span class='ocrx_word' id='word_1_39' title='bbox 44 496 240 535; x_wconf 87' lang='lat' dir='ltr'><strong>Praetores</strong></span> <span class='ocrx_word' id='word_1_40' title='bbox 273 510 422 548; x_wconf 91' lang='lat' dir='ltr'><strong>quoque</strong></span> <span class='ocrx_word' id='word_1_41' title='bbox 454 497 588 547; x_wconf 89' lang='lat' dir='ltr'><strong>ipsius,</strong></span> <span class='ocrx_word' id='word_1_42' title='bbox 615 497 760 548; x_wconf 82' lang='lat' dir='ltr'><strong>egregii</strong></span> <span class='ocrx_word' id='word_1_43' title='bbox 788 497 915 545; x_wconf 89' lang='lat' dir='ltr'><strong>duces,</strong></span> <span class='ocrx_word' id='word_1_44' title='bbox 943 496 1124 547; x_wconf 83' lang='lat' dir='ltr'><strong>pleraque</strong></span> <span class='ocrx_word' id='word_1_45' title='bbox 1156 497 1384 535; x_wconf 83' lang='lat' dir='ltr'><strong>invaserant.</strong></span> 
     </span>
     <span class='ocr_line' id='line_1_7' title="bbox 45 559 1385 611; baseline -0.001 -13"><span class='ocrx_word' id='word_1_46' title='bbox 45 559 160 598; x_wconf 82' lang='lat' dir='ltr'><strong>Calas</strong></span> <span class='ocrx_word' id='word_1_47' title='bbox 181 560 498 611; x_wconf 80' lang='lat' dir='ltr'>Paphlagoniam,</span> <span class='ocrx_word' id='word_1_48' title='bbox 515 561 736 611; x_wconf 80' lang='lat' dir='ltr'><strong>Antigonus</strong></span> <span class='ocrx_word' id='word_1_49' title='bbox 757 560 1002 611; x_wconf 85' lang='lat' dir='ltr'>Lycaoniam,</span> <span class='ocrx_word' id='word_1_50' title='bbox 1023 559 1222 608; x_wconf 84' lang='lat' dir='ltr'><strong>Balacrus,</strong></span> <span class='ocrx_word' id='word_1_51' title='bbox 1244 559 1385 597; x_wconf 86' lang='lat' dir='ltr'><strong>Idarnc</strong></span> 
     </span>
     <span class='ocr_line' id='line_1_8' title="bbox 43 623 1383 674; baseline 0 -13"><span class='ocrx_word' id='word_1_52' title='bbox 43 623 216 661; x_wconf 85' lang='lat' dir='ltr'><strong>Praetore</strong></span> <span class='ocrx_word' id='word_1_53' title='bbox 231 623 342 661; x_wconf 90' lang='lat' dir='ltr'><strong>Darii</strong></span> <span class='ocrx_word' id='word_1_54' title='bbox 362 628 552 674; x_wconf 88' lang='lat' dir='ltr'><strong>superato,</strong></span> <span class='ocrx_word' id='word_1_55' title='bbox 571 623 752 661; x_wconf 88' lang='lat' dir='ltr'><strong>Miletum</strong></span> <span class='ocrx_word' id='word_1_56' title='bbox 771 623 894 674; x_wconf 90' lang='lat' dir='ltr'><strong>cepit:</strong></span> <span class='ocrx_word' id='word_1_57' title='bbox 924 623 1187 674; x_wconf 85' lang='lat' dir='ltr'><strong>Amphoterus</strong></span> <span class='ocrx_word' id='word_1_58' title='bbox 1203 627 1242 661; x_wconf 88' lang='lat' dir='ltr'><strong>ct</strong></span> <span class='ocrx_word' id='word_1_59' title='bbox 1259 623 1383 673; x_wconf 80' lang='lat' dir='ltr'><strong>Hege-</strong></span> 
     </span>
     <span class='ocr_line' id='line_1_9' title="bbox 43 686 1383 738; baseline -0.001 -14"><span class='ocrx_word' id='word_1_60' title='bbox 43 686 186 735; x_wconf 90' lang='lat' dir='ltr'><strong>lochus,</strong></span> <span class='ocrx_word' id='word_1_61' title='bbox 203 691 356 725; x_wconf 90' lang='lat' dir='ltr'><strong>centum</strong></span> <span class='ocrx_word' id='word_1_62' title='bbox 376 687 577 738; x_wconf 82' lang='lat' dir='ltr'><strong>sexaginta</strong></span> <span class='ocrx_word' id='word_1_63' title='bbox 594 687 751 726; x_wconf 83' lang='lat' dir='ltr'><strong>navium</strong></span> <span class='ocrx_word' id='word_1_64' title='bbox 770 687 902 735; x_wconf 88' lang='lat' dir='ltr'><strong>classe,</strong></span> <span class='ocrx_word' id='word_1_65' title='bbox 918 687 1064 725; x_wconf 87' lang='lat' dir='ltr'><strong>insulas</strong></span> <span class='ocrx_word' id='word_1_66' title='bbox 1083 687 1183 725; x_wconf 91' lang='lat' dir='ltr'><strong>inter</strong></span> <span class='ocrx_word' id='word_1_67' title='bbox 1199 687 1383 724; x_wconf 87' lang='lat' dir='ltr'><strong>Achaiam</strong></span> 
     </span>
     <span class='ocr_line' id='line_1_10' title="bbox 44 750 1383 802; baseline 0.001 -15"><span class='ocrx_word' id='word_1_68' title='bbox 44 755 158 801; x_wconf 88' lang='lat' dir='ltr'><strong>atque</strong></span> <span class='ocrx_word' id='word_1_69' title='bbox 178 751 316 788; x_wconf 86' lang='lat' dir='ltr'><strong>Asiam</strong></span> <span class='ocrx_word' id='word_1_70' title='bbox 336 751 376 788; x_wconf 89' lang='lat' dir='ltr'><strong>in</strong></span> <span class='ocrx_word' id='word_1_71' title='bbox 396 751 582 788; x_wconf 86' lang='lat' dir='ltr'><strong>ditionem</strong></span> <span class='ocrx_word' id='word_1_72' title='bbox 602 750 820 789; x_wconf 83' lang='lat' dir='ltr'><strong>Alexandri</strong></span> <span class='ocrx_word' id='word_1_73' title='bbox 839 751 1091 801; x_wconf 88' lang='lat' dir='ltr'><strong>redegerunt;</strong></span> <span class='ocrx_word' id='word_1_74' title='bbox 1124 750 1278 788; x_wconf 84' lang='lat' dir='ltr'><strong>Tenedo</strong></span> <span class='ocrx_word' id='word_1_75' title='bbox 1298 763 1383 802; x_wconf 83' lang='lat' dir='ltr'><strong>quo·</strong></span> 
     </span>
     <span class='ocr_line' id='line_1_11' title="bbox 44 813 1381 864; baseline 0.001 -14"><span class='ocrx_word' id='word_1_76' title='bbox 44 826 117 864; x_wconf 88' lang='lat' dir='ltr'><strong>que</strong></span> <span class='ocrx_word' id='word_1_77' title='bbox 145 817 313 864; x_wconf 74' lang='lat' dir='ltr'><strong>recepta,</strong></span> <span class='ocrx_word' id='word_1_78' title='bbox 337 813 471 862; x_wconf 89' lang='lat' dir='ltr'><strong>Chion,</strong></span> <span class='ocrx_word' id='word_1_79' title='bbox 491 813 626 852; x_wconf 90' lang='lat' dir='ltr'><strong>incolis</strong></span> <span class='ocrx_word' id='word_1_80' title='bbox 658 813 762 851; x_wconf 75' lang='lat' dir='ltr'><strong>ultro</strong></span> <span class='ocrx_word' id='word_1_81' title='bbox 781 814 1018 862; x_wconf 88' lang='lat' dir='ltr'><strong>vocantibus,</strong></span> <span class='ocrx_word' id='word_1_82' title='bbox 1040 819 1253 851; x_wconf 87' lang='lat' dir='ltr'><strong>statuerant</strong></span> <span class='ocrx_word' id='word_1_83' title='bbox 1281 827 1381 852; x_wconf 88' lang='lat' dir='ltr'><strong>occu-</strong></span> 
     </span>
     <span class='ocr_line' id='line_1_12' title="bbox 43 877 1385 928; baseline 0 -14"><span class='ocrx_word' id='word_1_84' title='bbox 43 890 145 927; x_wconf 87' lang='lat' dir='ltr'><strong>pare.</strong></span> <span class='ocrx_word' id='word_1_85' title='bbox 205 877 283 915; x_wconf 86' lang='lat' dir='ltr'><strong>Sed</strong></span> <span class='ocrx_word' id='word_1_86' title='bbox 316 877 589 915; x_wconf 84' lang='lat' dir='ltr'><strong>Pharnabazus</strong></span> <span class='ocrx_word' id='word_1_87' title='bbox 623 877 733 914; x_wconf 90' lang='lat' dir='ltr'><strong>Darii</strong></span> <span class='ocrx_word' id='word_1_88' title='bbox 767 877 931 925; x_wconf 79' lang='lat' dir='ltr'><strong>Praetor,</strong></span> <span class='ocrx_word' id='word_1_89' title='bbox 968 877 992 895; x_wconf 84' lang='lat'><strong>¹⁶</strong></span> <span class='ocrx_word' id='word_1_90' title='bbox 1005 877 1288 927; x_wconf 85' lang='lat' dir='ltr'><strong>comprehensis</strong></span> <span class='ocrx_word' id='word_1_91' title='bbox 1321 878 1385 928; x_wconf 89' lang='lat' dir='ltr'><strong>qui</strong></span> 
     </span>
     <span class='ocr_line' id='line_1_13' title="bbox 44 940 1388 991; baseline 0 -13"><span class='ocrx_word' id='word_1_92' title='bbox 44 953 105 978; x_wconf 90' lang='lat' dir='ltr'><strong>res</strong></span> <span class='ocrx_word' id='word_1_93' title='bbox 126 940 175 978; x_wconf 88' lang='lat' dir='ltr'><strong>ad</strong></span> <span class='ocrx_word' id='word_1_94' title='bbox 196 940 427 978; x_wconf 87' lang='lat' dir='ltr'><strong>Macedonas</strong></span> <span class='ocrx_word' id='word_1_95' title='bbox 447 940 661 987; x_wconf 85' lang='lat' dir='ltr'><strong>trahebant,</strong></span> <span class='ocrx_word' id='word_1_96' title='bbox 678 941 815 978; x_wconf 72' lang='lat' dir='ltr'><strong>rursus</strong></span> <span class='ocrx_word' id='word_1_97' title='bbox 836 940 1061 990; x_wconf 85' lang='lat' dir='ltr'><strong>Apollonidi</strong></span> <span class='ocrx_word' id='word_1_98' title='bbox 1077 945 1116 978; x_wconf 89' lang='lat' dir='ltr'><strong>et</strong></span> <span class='ocrx_word' id='word_1_99' title='bbox 1131 941 1388 991; x_wconf 84' lang='lat' dir='ltr'><strong>Athenagorae</strong></span> 
     </span>
     <span class='ocr_line' id='line_1_14' title="bbox 45 1003 1388 1054; baseline 0.001 -14"><span class='ocrx_word' id='word_1_100' title='bbox 45 1016 201 1040; x_wconf 90' lang='lat' dir='ltr'><strong>suarum</strong></span> <span class='ocrx_word' id='word_1_101' title='bbox 229 1003 397 1054; x_wconf 88' lang='lat' dir='ltr'><strong>partium</strong></span> <span class='ocrx_word' id='word_1_102' title='bbox 424 1003 532 1050; x_wconf 80' lang='lat' dir='ltr'><strong>viris,</strong></span> <span class='ocrx_word' id='word_1_103' title='bbox 553 1003 687 1041; x_wconf 89' lang='lat' dir='ltr'><strong>urbem</strong></span> <span class='ocrx_word' id='word_1_104' title='bbox 715 1016 801 1040; x_wconf 89' lang='lat' dir='ltr'><strong>cum</strong></span> <span class='ocrx_word' id='word_1_105' title='bbox 828 1003 976 1041; x_wconf 89' lang='lat' dir='ltr'><strong>modico</strong></span> <span class='ocrx_word' id='word_1_106' title='bbox 1009 1003 1189 1053; x_wconf 77' lang='lat' dir='ltr'><strong>praesidio</strong></span> <span class='ocrx_word' id='word_1_107' title='bbox 1221 1004 1388 1041; x_wconf 87' lang='lat' dir='ltr'><strong>militum</strong></span> 
     </span>
     <span class='ocr_line' id='line_1_15' title="bbox 47 1065 1387 1117; baseline -0.001 -13"><span class='ocrx_word' id='word_1_108' title='bbox 47 1066 178 1104; x_wconf 83' lang='lat' dir='ltr'><strong>tradit.</strong></span> <span class='ocrx_word' id='word_1_109' title='bbox 240 1066 424 1104; x_wconf 81' lang='lat' dir='ltr'><strong>Praefecti</strong></span> <span class='ocrx_word' id='word_1_110' title='bbox 445 1065 661 1104; x_wconf 85' lang='lat' dir='ltr'><strong>Alexandri</strong></span> <span class='ocrx_word' id='word_1_111' title='bbox 680 1066 719 1103; x_wconf 92' lang='lat' dir='ltr'><strong>in</strong></span> <span class='ocrx_word' id='word_1_112' title='bbox 739 1066 935 1104; x_wconf 86' lang='lat' dir='ltr'><strong>obsidione</strong></span> <span class='ocrx_word' id='word_1_113' title='bbox 954 1067 1061 1105; x_wconf 84' lang='lat' dir='ltr'><strong>urbis</strong></span> <span class='ocrx_word' id='word_1_114' title='bbox 1079 1067 1387 1117; x_wconf 83' lang='lat' dir='ltr'><strong>perseverabant,</strong></span> 
     </span>
     <span class='ocr_line' id='line_1_16' title="bbox 47 1129 1388 1181; baseline 0.001 -14"><span class='ocrx_word' id='word_1_115' title='bbox 47 1130 159 1167; x_wconf 89' lang='lat' dir='ltr'><strong>¹⁷non</strong></span> <span class='ocrx_word' id='word_1_116' title='bbox 186 1134 264 1167; x_wconf 89' lang='lat' dir='ltr'><strong>tam</strong></span> <span class='ocrx_word' id='word_1_117' title='bbox 292 1130 372 1168; x_wconf 85' lang='lat' dir='ltr'><strong>suis</strong></span> <span class='ocrx_word' id='word_1_118' title='bbox 400 1129 560 1178; x_wconf 85' lang='lat' dir='ltr'><strong>viribus,</strong></span> <span class='ocrx_word' id='word_1_119' title='bbox 580 1130 697 1180; x_wconf 74' lang='lat' dir='ltr'><strong>quam</strong></span> <span class='ocrx_word' id='word_1_120' title='bbox 729 1129 909 1179; x_wconf 89' lang='lat' dir='ltr'><strong>ipsorum,</strong></span> <span class='ocrx_word' id='word_1_121' title='bbox 929 1129 996 1181; x_wconf 91' lang='lat' dir='ltr'><strong>qui</strong></span> <span class='ocrx_word' id='word_1_122' title='bbox 1023 1129 1308 1178; x_wconf 84' lang='lat' dir='ltr'><strong>obsidebantur,</strong></span> <span class='ocrx_word' id='word_1_123' title='bbox 1329 1144 1388 1168; x_wconf 86' lang='lat' dir='ltr'><strong>vo-</strong></span> 
     </span>
     <span class='ocr_line' id='line_1_17' title="bbox 44 1193 1390 1244; baseline -0.001 -13"><span class='ocrx_word' id='word_1_124' title='bbox 44 1193 203 1232; x_wconf 87' lang='lat' dir='ltr'><strong>luntate.</strong></span> <span class='ocrx_word' id='word_1_125' title='bbox 263 1193 299 1232; x_wconf 92' lang='lat' dir='ltr'>N</span> <span class='ocrx_word' id='word_1_126' title='bbox 305 1207 346 1232; x_wconf 89' lang='lat' dir='ltr'><strong>ec</strong></span> <span class='ocrx_word' id='word_1_127' title='bbox 366 1193 507 1232; x_wconf 87' lang='lat' dir='ltr'><strong>fefellit</strong></span> <span class='ocrx_word' id='word_1_128' title='bbox 534 1193 672 1244; x_wconf 84' lang='lat' dir='ltr'><strong>opinio.</strong></span> <span class='ocrx_word' id='word_1_129' title='bbox 730 1193 907 1244; x_wconf 88' lang='lat' dir='ltr'><strong>Namque</strong></span> <span class='ocrx_word' id='word_1_130' title='bbox 935 1193 1037 1231; x_wconf 90' lang='lat' dir='ltr'><strong>inter</strong></span> <span class='ocrx_word' id='word_1_131' title='bbox 1055 1193 1329 1244; x_wconf 89' lang='lat' dir='ltr'><strong>Apollonidcm</strong></span> <span class='ocrx_word' id='word_1_132' title='bbox 1351 1198 1390 1231; x_wconf 87' lang='lat' dir='ltr'><strong>et</strong></span> 
     </span>
     <span class='ocr_line' id='line_1_18' title="bbox 46 1256 1390 1307; baseline -0.001 -13"><span class='ocrx_word' id='word_1_133' title='bbox 46 1256 162 1295; x_wconf 88' lang='lat' dir='ltr'><strong>duces</strong></span> <span class='ocrx_word' id='word_1_134' title='bbox 195 1256 364 1295; x_wconf 88' lang='lat' dir='ltr'><strong>militum</strong></span> <span class='ocrx_word' id='word_1_135' title='bbox 392 1262 476 1295; x_wconf 89' lang='lat' dir='ltr'><strong>orta</strong></span> <span class='ocrx_word' id='word_1_136' title='bbox 508 1257 658 1305; x_wconf 88' lang='lat' dir='ltr'><strong>seditio,</strong></span> <span class='ocrx_word' id='word_1_137' title='bbox 679 1256 915 1307; x_wconf 90' lang='lat' dir='ltr'><strong>irrumpendi</strong></span> <span class='ocrx_word' id='word_1_138' title='bbox 935 1256 975 1294; x_wconf 91' lang='lat' dir='ltr'><strong>in</strong></span> <span class='ocrx_word' id='word_1_139' title='bbox 992 1256 1128 1295; x_wconf 89' lang='lat' dir='ltr'><strong>urbem</strong></span> <span class='ocrx_word' id='word_1_140' title='bbox 1157 1257 1390 1295; x_wconf 83' lang='lat' dir='ltr'><strong>occasionem</strong></span> 
     </span>
     <span class='ocr_line' id='line_1_19' title="bbox 47 1319 1390 1372; baseline -0.001 -13"><span class='ocrx_word' id='word_1_141' title='bbox 47 1320 165 1359; x_wconf 82' lang='lat' dir='ltr'><strong>dedit.</strong></span> <span class='ocrx_word' id='word_1_142' title='bbox 225 1320 401 1372; x_wconf 74' lang='lat' dir='ltr'><strong>Cumque</strong></span> <span class='ocrx_word' id='word_1_143' title='bbox 428 1322 539 1372; x_wconf 70' lang='lat' dir='ltr'><strong>porta</strong></span> <span class='ocrx_word' id='word_1_144' title='bbox 559 1321 717 1358; x_wconf 75' lang='lat' dir='ltr'><strong>effracta</strong></span> <span class='ocrx_word' id='word_1_145' title='bbox 745 1320 882 1359; x_wconf 87' lang='lat' dir='ltr'><strong>cohors</strong></span> <span class='ocrx_word' id='word_1_146' title='bbox 911 1319 1166 1358; x_wconf 87' lang='lat' dir='ltr'><strong>Macedonum</strong></span> <span class='ocrx_word' id='word_1_147' title='bbox 1193 1321 1390 1367; x_wconf 71' lang='lat' dir='ltr'><strong>intrasset,</strong></span> 
     </span>
     <span class='ocr_line' id='line_1_20' title="bbox 46 1383 1390 1435; baseline -0.001 -13"><span class='ocrx_word' id='word_1_148' title='bbox 46 1384 239 1435; x_wconf 89' lang='lat' dir='ltr'><strong>oppidani,</strong></span> <span class='ocrx_word' id='word_1_149' title='bbox 260 1384 352 1423; x_wconf 90' lang='lat' dir='ltr'><strong>olim</strong></span> <span class='ocrx_word' id='word_1_150' title='bbox 380 1384 538 1422; x_wconf 90' lang='lat' dir='ltr'><strong>consilio</strong></span> <span class='ocrx_word' id='word_1_151' title='bbox 566 1383 796 1434; x_wconf 86' lang='lat' dir='ltr'><strong>proditionis</strong></span> <span class='ocrx_word' id='word_1_152' title='bbox 824 1383 982 1434; x_wconf 87' lang='lat' dir='ltr'><strong>agitato,</strong></span> <span class='ocrx_word' id='word_1_153' title='bbox 1003 1389 1213 1435; x_wconf 86' lang='lat' dir='ltr'><strong>aggregant</strong></span> <span class='ocrx_word' id='word_1_154' title='bbox 1241 1396 1280 1421; x_wconf 88' lang='lat' dir='ltr'><strong>se</strong></span> <span class='ocrx_word' id='word_1_155' title='bbox 1301 1384 1390 1421; x_wconf 86' lang='lat' dir='ltr'><strong>Am-</strong></span> 
     </span>
     <span class='ocr_line' id='line_1_21' title="bbox 47 1446 1392 1499; baseline -0.001 -13"><span class='ocrx_word' id='word_1_156' title='bbox 47 1447 205 1498; x_wconf 88' lang='lat' dir='ltr'><strong>photero</strong></span> <span class='ocrx_word' id='word_1_157' title='bbox 222 1457 262 1486; x_wconf 81' lang='lat' dir='ltr'><strong>et</strong></span> <span class='ocrx_word' id='word_1_158' title='bbox 277 1447 521 1499; x_wconf 88' lang='lat' dir='ltr'><strong>Hegelocho;</strong></span> <span class='ocrx_word' id='word_1_159' title='bbox 554 1448 836 1498; x_wconf 87' lang='lat' dir='ltr'><strong>Persarumque</strong></span> <span class='ocrx_word' id='word_1_160' title='bbox 854 1447 1035 1498; x_wconf 82' lang='lat' dir='ltr'><strong>praesidio</strong></span> <span class='ocrx_word' id='word_1_161' title='bbox 1051 1459 1160 1495; x_wconf 82' lang='lat' dir='ltr'><strong>caeso,</strong></span> <span class='ocrx_word' id='word_1_162' title='bbox 1182 1447 1210 1464; x_wconf 82' lang='lat'><strong>¹¹³</strong></span> <span class='ocrx_word' id='word_1_163' title='bbox 1223 1446 1392 1484; x_wconf 87' lang='lat' dir='ltr'><strong>Pharna-</strong></span> 
     </span>
     <span class='ocr_line' id='line_1_22' title="bbox 47 1510 1394 1562; baseline 0 -14"><span class='ocrx_word' id='word_1_164' title='bbox 47 1510 164 1548; x_wconf 88' lang='lat' dir='ltr'><strong>bazus</strong></span> <span class='ocrx_word' id='word_1_165' title='bbox 192 1524 278 1549; x_wconf 91' lang='lat' dir='ltr'><strong>cum</strong></span> <span class='ocrx_word' id='word_1_166' title='bbox 306 1511 543 1562; x_wconf 88' lang='lat' dir='ltr'><strong>Apollonide</strong></span> <span class='ocrx_word' id='word_1_167' title='bbox 572 1516 612 1548; x_wconf 91' lang='lat' dir='ltr'><strong>et</strong></span> <span class='ocrx_word' id='word_1_168' title='bbox 639 1511 892 1562; x_wconf 73' lang='lat' dir='ltr'><strong>Athenagora</strong></span> <span class='ocrx_word' id='word_1_169' title='bbox 918 1511 1040 1549; x_wconf 84' lang='lat' dir='ltr'><strong>vincti</strong></span> <span class='ocrx_word' id='word_1_170' title='bbox 1069 1511 1295 1549; x_wconf 87' lang='lat' dir='ltr'><strong>traduntur:</strong></span> <span class='ocrx_word' id='word_1_171' title='bbox 1337 1511 1394 1549; x_wconf 84' lang='lat' dir='ltr'><strong>xii</strong></span> 
     </span>
     <span class='ocr_line' id='line_1_23' title="bbox 48 1573 1394 1625; baseline 0 -15"><span class='ocrx_word' id='word_1_172' title='bbox 48 1573 225 1611; x_wconf 83' lang='lat' dir='ltr'><strong>triremes</strong></span> <span class='ocrx_word' id='word_1_173' title='bbox 245 1587 331 1611; x_wconf 92' lang='lat' dir='ltr'><strong>cum</strong></span> <span class='ocrx_word' id='word_1_174' title='bbox 351 1587 420 1611; x_wconf 91' lang='lat' dir='ltr'><strong>suo</strong></span> <span class='ocrx_word' id='word_1_175' title='bbox 439 1573 564 1611; x_wconf 90' lang='lat' dir='ltr'><strong>milite</strong></span> <span class='ocrx_word' id='word_1_176' title='bbox 585 1587 628 1610; x_wconf 90' lang='lat' dir='ltr'><strong>ac</strong></span> <span class='ocrx_word' id='word_1_177' title='bbox 647 1573 802 1623; x_wconf 85' lang='lat' dir='ltr'><strong>remige,</strong></span> <span class='ocrx_word' id='word_1_178' title='bbox 820 1578 962 1623; x_wconf 82' lang='lat' dir='ltr'><strong>praeter</strong></span> <span class='ocrx_word' id='word_1_179' title='bbox 977 1586 1041 1611; x_wconf 89' lang='lat' dir='ltr'><strong>eas</strong></span> <span class='ocrx_word' id='word_1_180' title='bbox 1057 1574 1244 1625; x_wconf 86' lang='lat' dir='ltr'><strong>tringinta</strong></span> <span class='ocrx_word' id='word_1_181' title='bbox 1263 1574 1394 1611; x_wconf 90' lang='lat' dir='ltr'><strong>inanes</strong></span> 
     </span>
     <span class='ocr_line' id='line_1_24' title="bbox 49 1627 1394 1687; baseline -0.001 -12"><span class='ocrx_word' id='word_1_182' title='bbox 49 1642 90 1675; x_wconf 88' lang='lat' dir='ltr'><strong>et</strong></span> <span class='ocrx_word' id='word_1_183' title='bbox 109 1636 263 1687; x_wconf 87' lang='lat' dir='ltr'><strong>piratici</strong></span> <span class='ocrx_word' id='word_1_184' title='bbox 291 1636 420 1684; x_wconf 88' lang='lat' dir='ltr'><strong>lembi,</strong></span> <span class='ocrx_word' id='word_1_185' title='bbox 445 1636 742 1687; x_wconf 62' lang='lat' dir='ltr'><strong>Graecorumque</strong></span> <span class='ocrx_word' id='word_1_186' title='bbox 770 1637 847 1673; x_wconf 90' lang='lat' dir='ltr'><strong>tria</strong></span> <span class='ocrx_word' id='word_1_187' title='bbox 873 1627 997 1673; x_wconf 92' lang='lat' dir='ltr'><strong>millia</strong></span> <span class='ocrx_word' id='word_1_188' title='bbox 1016 1649 1038 1673; x_wconf 85' lang='lat' dir='ltr'><strong>a</strong></span> <span class='ocrx_word' id='word_1_189' title='bbox 1058 1636 1192 1674; x_wconf 88' lang='lat' dir='ltr'><strong>Persis</strong></span> <span class='ocrx_word' id='word_1_190' title='bbox 1218 1636 1394 1674; x_wconf 88' lang='lat' dir='ltr'><strong>mercede</strong></span> 
     </span>
     <span class='ocr_line' id='line_1_25' title="bbox 50 1698 1395 1749; baseline -0.001 -12"><span class='ocrx_word' id='word_1_191' title='bbox 50 1699 249 1738; x_wconf 89' lang='lat' dir='ltr'><strong>conducta.</strong></span> <span class='ocrx_word' id='word_1_192' title='bbox 309 1699 385 1736; x_wconf 87' lang='lat' dir='ltr'><strong>His</strong></span> <span class='ocrx_word' id='word_1_193' title='bbox 408 1700 431 1716; x_wconf 81' lang='lat'><strong>¹⁹</strong></span> <span class='ocrx_word' id='word_1_194' title='bbox 445 1699 485 1736; x_wconf 92' lang='lat' dir='ltr'><strong>in</strong></span> <span class='ocrx_word' id='word_1_195' title='bbox 505 1698 813 1749; x_wconf 86' lang='lat' dir='ltr'><strong>supplementum</strong></span> <span class='ocrx_word' id='word_1_196' title='bbox 830 1698 1022 1749; x_wconf 87' lang='lat' dir='ltr'><strong>copiarum</strong></span> <span class='ocrx_word' id='word_1_197' title='bbox 1043 1711 1195 1736; x_wconf 88' lang='lat' dir='ltr'><strong>suarum</strong></span> <span class='ocrx_word' id='word_1_198' title='bbox 1217 1698 1395 1736; x_wconf 87' lang='lat' dir='ltr'><strong>distribu-</strong></span> 
     </span>
     <span class='ocr_line' id='line_1_26' title="bbox 50 1761 1395 1813; baseline -0.001 -13"><span class='ocrx_word' id='word_1_199' title='bbox 50 1762 114 1811; x_wconf 88' lang='lat' dir='ltr'><strong>tis,</strong></span> <span class='ocrx_word' id='word_1_200' title='bbox 129 1761 340 1813; x_wconf 87' lang='lat' dir='ltr'><strong>piratisque</strong></span> <span class='ocrx_word' id='word_1_201' title='bbox 356 1762 544 1813; x_wconf 87' lang='lat' dir='ltr'><strong>supplicio</strong></span> <span class='ocrx_word' id='word_1_202' title='bbox 560 1762 718 1812; x_wconf 78' lang='lat' dir='ltr'><strong>affectis,</strong></span> <span class='ocrx_word' id='word_1_203' title='bbox 733 1761 903 1812; x_wconf 84' lang='lat' dir='ltr'><strong>captivos</strong></span> <span class='ocrx_word' id='word_1_204' title='bbox 920 1761 1083 1813; x_wconf 86' lang='lat' dir='ltr'><strong>remiges</strong></span> <span class='ocrx_word' id='word_1_205' title='bbox 1097 1761 1269 1812; x_wconf 73' lang='lat' dir='ltr'><strong>adjecere</strong></span> <span class='ocrx_word' id='word_1_206' title='bbox 1283 1761 1395 1799; x_wconf 87' lang='lat' dir='ltr'><strong>classi</strong></span> 
     </span>
     <span class='ocr_line' id='line_1_27' title="bbox 51 1839 142 1864; baseline -0.011 0"><span class='ocrx_word' id='word_1_207' title='bbox 51 1839 142 1864; x_wconf 82' lang='lat' dir='ltr'><strong>suae.</strong></span> 
     </span>
    </p>

    <p class='ocr_par' dir='ltr' id='par_1_3' title="bbox 52 1888 1401 2511">
     <span class='ocr_line' id='line_1_28' title="bbox 133 1888 1395 1940; baseline -0.001 -13"><span class='ocrx_word' id='word_1_208' title='bbox 133 1891 194 1927; x_wconf 79' lang='lat'><strong>22.</strong></span> <span class='ocrx_word' id='word_1_209' title='bbox 240 1888 357 1927; x_wconf 77' lang='lat' dir='ltr'><strong>Forte</strong></span> <span class='ocrx_word' id='word_1_210' title='bbox 393 1889 642 1927; x_wconf 87' lang='lat' dir='ltr'><strong>Aristonicus</strong></span> <span class='ocrx_word' id='word_1_211' title='bbox 681 1888 1028 1940; x_wconf 65' lang='lat' dir='ltr'><strong>Methymnaeorum</strong></span> <span class='ocrx_word' id='word_1_212' title='bbox 1063 1889 1277 1939; x_wconf 74' lang='lat' dir='ltr'><strong>TyrannuS,</strong></span> <span class='ocrx_word' id='word_1_213' title='bbox 1311 1902 1395 1926; x_wconf 90' lang='lat' dir='ltr'><strong>cum</strong></span> 
     </span>
     <span class='ocr_line' id='line_1_29' title="bbox 52 1951 1396 2004; baseline 0 -15"><span class='ocrx_word' id='word_1_214' title='bbox 52 1951 224 2003; x_wconf 87' lang='lat' dir='ltr'><strong>piraticis</strong></span> <span class='ocrx_word' id='word_1_215' title='bbox 251 1952 427 2003; x_wconf 85' lang='lat' dir='ltr'><strong>navibus,</strong></span> <span class='ocrx_word' id='word_1_216' title='bbox 446 1953 601 2003; x_wconf 86' lang='lat' dir='ltr'><strong>ignarus</strong></span> <span class='ocrx_word' id='word_1_217' title='bbox 621 1953 791 1990; x_wconf 93' lang='lat' dir='ltr'><strong>omnium</strong></span> <span class='ocrx_word' id='word_1_218' title='bbox 810 1966 897 2004; x_wconf 80' lang='lat' dir='ltr'><strong>quac</strong></span> <span class='ocrx_word' id='word_1_219' title='bbox 926 1952 973 1990; x_wconf 89' lang='lat' dir='ltr'><strong>ad</strong></span> <span class='ocrx_word' id='word_1_220' title='bbox 996 1951 1134 1990; x_wconf 84' lang='lat' dir='ltr'><strong>Chium</strong></span> <span class='ocrx_word' id='word_1_221' title='bbox 1163 1957 1248 1989; x_wconf 89' lang='lat' dir='ltr'><strong>acta</strong></span> <span class='ocrx_word' id='word_1_222' title='bbox 1276 1961 1396 1994; x_wconf 80' lang='lat' dir='ltr'><strong>erant,</strong></span> 
     </span>
     <span class='ocr_line' id='line_1_30' title="bbox 53 2015 1398 2068; baseline 0 -16"><span class='ocrx_word' id='word_1_223' title='bbox 53 2015 177 2066; x_wconf 71' lang='lat' dir='ltr'><strong>prima</strong></span> <span class='ocrx_word' id='word_1_224' title='bbox 196 2015 330 2068; x_wconf 72' lang='lat' dir='ltr'><strong>vigilia</strong></span> <span class='ocrx_word' id='word_1_225' title='bbox 349 2015 398 2053; x_wconf 89' lang='lat' dir='ltr'><strong>ad</strong></span> <span class='ocrx_word' id='word_1_226' title='bbox 424 2018 562 2066; x_wconf 69' lang='lat' dir='ltr'><strong>portus</strong></span> <span class='ocrx_word' id='word_1_227' title='bbox 590 2015 762 2053; x_wconf 88' lang='lat' dir='ltr'><strong>claustra</strong></span> <span class='ocrx_word' id='word_1_228' title='bbox 789 2016 993 2054; x_wconf 86' lang='lat' dir='ltr'><strong>successit:</strong></span> <span class='ocrx_word' id='word_1_229' title='bbox 1023 2015 1356 2066; x_wconf 86' lang='lat' dir='ltr'><strong>interrogatusque</strong></span> <span class='ocrx_word' id='word_1_230' title='bbox 1376 2028 1398 2052; x_wconf 88' lang='lat' dir='ltr'><strong>a</strong></span> 
     </span>
     <span class='ocr_line' id='line_1_31' title="bbox 54 2078 1396 2130; baseline 0 -14"><span class='ocrx_word' id='word_1_231' title='bbox 54 2079 288 2130; x_wconf 84' lang='lat' dir='ltr'><strong>custodibus,</strong></span> <span class='ocrx_word' id='word_1_232' title='bbox 303 2079 419 2130; x_wconf 85' lang='lat' dir='ltr'><strong>“quis</strong></span> <span class='ocrx_word' id='word_1_233' title='bbox 435 2084 555 2128; x_wconf 79' lang='lat' dir='ltr'><strong>csset3</strong></span> <span class='ocrx_word' id='word_1_234' title='bbox 578 2078 842 2117; x_wconf 90' lang='lat' dir='ltr'><strong>Aristonicum</strong></span> <span class='ocrx_word' id='word_1_235' title='bbox 859 2079 908 2117; x_wconf 90' lang='lat' dir='ltr'><strong>ad</strong></span> <span class='ocrx_word' id='word_1_236' title='bbox 926 2078 1218 2117; x_wconf 87' lang='lat' dir='ltr'><strong>Pharnabazum</strong></span> <span class='ocrx_word' id='word_1_237' title='bbox 1231 2079 1396 2126; x_wconf 79' lang='lat' dir='ltr'><strong>venire,”</strong></span> 
     </span>
     <span class='ocr_line' id='line_1_32' title="bbox 54 2141 1397 2194; baseline -0.001 -14"><span class='ocrx_word' id='word_1_238' title='bbox 54 2142 264 2193; x_wconf 89' lang='lat' dir='ltr'><strong>respondit.</strong></span> <span class='ocrx_word' id='word_1_239' title='bbox 322 2142 391 2181; x_wconf 91' lang='lat' dir='ltr'><strong>Illi</strong></span> <span class='ocrx_word' id='word_1_240' title='bbox 411 2141 740 2181; x_wconf 90' lang='lat' dir='ltr'><strong>“Pharnabazum</strong></span> <span class='ocrx_word' id='word_1_241' title='bbox 759 2142 912 2194; x_wconf 90' lang='lat' dir='ltr'><strong>quidem</strong></span> <span class='ocrx_word' id='word_1_242' title='bbox 937 2143 1018 2192; x_wconf 89' lang='lat' dir='ltr'><strong>jam</strong></span> <span class='ocrx_word' id='word_1_243' title='bbox 1037 2142 1245 2193; x_wconf 80' lang='lat' dir='ltr'><strong>quiescere,</strong></span> <span class='ocrx_word' id='word_1_244' title='bbox 1266 2146 1305 2179; x_wconf 90' lang='lat' dir='ltr'><strong>ct</strong></span> <span class='ocrx_word' id='word_1_245' title='bbox 1324 2155 1397 2179; x_wconf 92' lang='lat' dir='ltr'><strong>non</strong></span> 
     </span>
     <span class='ocr_line' id='line_1_33' title="bbox 55 2205 1397 2257; baseline -0.002 -13"><span class='ocrx_word' id='word_1_246' title='bbox 55 2218 167 2256; x_wconf 85' lang='lat' dir='ltr'><strong>posse</strong></span> <span class='ocrx_word' id='word_1_247' title='bbox 187 2210 269 2243; x_wconf 81' lang='lat' dir='ltr'><strong>tum</strong></span> <span class='ocrx_word' id='word_1_248' title='bbox 290 2205 400 2255; x_wconf 86' lang='lat' dir='ltr'><strong>adiri,</strong></span> <span class='ocrx_word' id='word_1_249' title='bbox 419 2206 603 2243; x_wconf 72' lang='lat' dir='ltr'><strong>caeterum</strong></span> <span class='ocrx_word' id='word_1_250' title='bbox 632 2211 764 2257; x_wconf 89' lang='lat' dir='ltr'><strong>patere</strong></span> <span class='ocrx_word' id='word_1_251' title='bbox 784 2206 886 2244; x_wconf 88' lang='lat' dir='ltr'><strong>socio</strong></span> <span class='ocrx_word' id='word_1_252' title='bbox 916 2211 1030 2257; x_wconf 88' lang='lat' dir='ltr'><strong>atque</strong></span> <span class='ocrx_word' id='word_1_253' title='bbox 1060 2205 1203 2256; x_wconf 86' lang='lat' dir='ltr'><strong>hospiti</strong></span> <span class='ocrx_word' id='word_1_254' title='bbox 1232 2211 1397 2255; x_wconf 85' lang='lat' dir='ltr'><strong>portum,</strong></span> 
     </span>
     <span class='ocr_line' id='line_1_34' title="bbox 56 2268 1398 2320; baseline -0.001 -13"><span class='ocrx_word' id='word_1_255' title='bbox 56 2275 95 2308; x_wconf 88' lang='lat' dir='ltr'><strong>et</strong></span> <span class='ocrx_word' id='word_1_256' title='bbox 114 2273 267 2319; x_wconf 86' lang='lat' dir='ltr'><strong>postero</strong></span> <span class='ocrx_word' id='word_1_257' title='bbox 287 2269 349 2306; x_wconf 88' lang='lat' dir='ltr'><strong>die</strong></span> <span class='ocrx_word' id='word_1_258' title='bbox 369 2269 395 2286; x_wconf 80' lang='lat'><strong>²⁰</strong></span> <span class='ocrx_word' id='word_1_259' title='bbox 408 2269 646 2308; x_wconf 88' lang='lat' dir='ltr'><strong>Pharnabazi</strong></span> <span class='ocrx_word' id='word_1_260' title='bbox 674 2270 822 2320; x_wconf 91' lang='lat' dir='ltr'><strong>copiam</strong></span> <span class='ocrx_word' id='word_1_261' title='bbox 843 2270 951 2307; x_wconf 87' lang='lat' dir='ltr'><strong>fore&#39;’</strong></span> <span class='ocrx_word' id='word_1_262' title='bbox 973 2269 1170 2306; x_wconf 87' lang='lat' dir='ltr'><strong>affirmant.</strong></span> <span class='ocrx_word' id='word_1_263' title='bbox 1230 2268 1312 2306; x_wconf 85' lang='lat' dir='ltr'><strong>Nec</strong></span> <span class='ocrx_word' id='word_1_264' title='bbox 1333 2269 1398 2305; x_wconf 78' lang='lat' dir='ltr'><strong>‹lu-</strong></span> 
     </span>
     <span class='ocr_line' id='line_1_35' title="bbox 55 2331 1397 2383; baseline -0.001 -13"><span class='ocrx_word' id='word_1_265' title='bbox 55 2332 198 2371; x_wconf 84' lang='lat' dir='ltr'><strong>bitavit</strong></span> <span class='ocrx_word' id='word_1_266' title='bbox 215 2331 463 2371; x_wconf 85' lang='lat' dir='ltr'><strong>Aristonicus</strong></span> <span class='ocrx_word' id='word_1_267' title='bbox 475 2332 620 2383; x_wconf 87' lang='lat' dir='ltr'><strong>primus</strong></span> <span class='ocrx_word' id='word_1_268' title='bbox 635 2333 789 2371; x_wconf 87' lang='lat' dir='ltr'><strong>intrare.</strong></span> <span class='ocrx_word' id='word_1_269' title='bbox 849 2333 980 2371; x_wconf 89' lang='lat' dir='ltr'><strong>Sccuti</strong></span> <span class='ocrx_word' id='word_1_270' title='bbox 996 2337 1085 2370; x_wconf 88' lang='lat' dir='ltr'><strong>sunt</strong></span> <span class='ocrx_word' id='word_1_271' title='bbox 1101 2332 1234 2370; x_wconf 90' lang='lat' dir='ltr'><strong>ducem</strong></span> <span class='ocrx_word' id='word_1_272' title='bbox 1249 2331 1397 2382; x_wconf 85' lang='lat' dir='ltr'><strong>piratici</strong></span> 
     </span>
     <span class='ocr_line' id='line_1_36' title="bbox 56 2394 1401 2447; baseline -0.002 -13"><span class='ocrx_word' id='word_1_273' title='bbox 56 2395 196 2444; x_wconf 81' lang='lat' dir='ltr'><strong>lembi3</strong></span> <span class='ocrx_word' id='word_1_274' title='bbox 227 2408 270 2433; x_wconf 89' lang='lat' dir='ltr'><strong>ac</strong></span> <span class='ocrx_word' id='word_1_275' title='bbox 291 2395 382 2433; x_wconf 72' lang='lat' dir='ltr'><strong>dum</strong></span> <span class='ocrx_word' id='word_1_276' title='bbox 401 2396 597 2447; x_wconf 86' lang='lat' dir='ltr'><strong>applicant</strong></span> <span class='ocrx_word' id='word_1_277' title='bbox 622 2396 776 2447; x_wconf 87' lang='lat' dir='ltr'><strong>navigia</strong></span> <span class='ocrx_word' id='word_1_278' title='bbox 794 2396 982 2447; x_wconf 89' lang='lat' dir='ltr'><strong>crepidini</strong></span> <span class='ocrx_word' id='word_1_279' title='bbox 1009 2398 1158 2446; x_wconf 67' lang='lat' dir='ltr'><strong>portus,</strong></span> <span class='ocrx_word' id='word_1_280' title='bbox 1180 2394 1361 2444; x_wconf 83' lang='lat' dir='ltr'><strong>objicitur</strong></span> <span class='ocrx_word' id='word_1_281' title='bbox 1379 2407 1401 2431; x_wconf 86' lang='lat' dir='ltr'><strong>a</strong></span> 
     </span>
     <span class='ocr_line' id='line_1_37' title="bbox 58 2457 1400 2511; baseline -0.003 -13"><span class='ocrx_word' id='word_1_282' title='bbox 58 2459 242 2510; x_wconf 85' lang='lat' dir='ltr'><strong>vigilibus</strong></span> <span class='ocrx_word' id='word_1_283' title='bbox 263 2458 486 2509; x_wconf 87' lang='lat' dir='ltr'><strong>claustrum,</strong></span> <span class='ocrx_word' id='word_1_284' title='bbox 506 2463 545 2497; x_wconf 89' lang='lat' dir='ltr'><strong>ct</strong></span> <span class='ocrx_word' id='word_1_285' title='bbox 563 2459 630 2511; x_wconf 89' lang='lat' dir='ltr'><strong>qui</strong></span> <span class='ocrx_word' id='word_1_286' title='bbox 648 2459 816 2510; x_wconf 87' lang='lat' dir='ltr'><strong>proximi</strong></span> <span class='ocrx_word' id='word_1_287' title='bbox 844 2458 1096 2507; x_wconf 76' lang='lat' dir='ltr'><strong>excubabant,</strong></span> <span class='ocrx_word' id='word_1_288' title='bbox 1117 2458 1164 2496; x_wconf 90' lang='lat' dir='ltr'><strong>ab</strong></span> <span class='ocrx_word' id='word_1_289' title='bbox 1185 2457 1320 2495; x_wconf 84' lang='lat' dir='ltr'><strong>iisdem</strong></span> <span class='ocrx_word' id='word_1_290' title='bbox 1340 2470 1400 2495; x_wconf 83' lang='lat' dir='ltr'><strong>ex-</strong></span> 
     </span>
    </p>
   </div>
  </div>
 </body>
</html>
