1583 2680
457 121 618 148 Linea
656 122 721 148 VI.
762 120 873 148 CAP.
913 122 980 148 1x.
1321 112 1389 150 131

46 213 215 252 sileam?
270 213 486 262 Parmenio,
515 214 610 252 'illa
640 219 766 262 aetatc,
800 218 859 252 tot
887 214 995 262 meis,
1026 218 1085 252 tot
1119 216 1288 265 parentis
1316 216 1392 253 mci

44 276 194 315 meritis
231 277 444 325 devinctus,
484 278 652 315 omnium
688 277 798 316 nobis
844 278 1053 315 ami00rum
1089 278 1389 326 vetustissimus,

45 339 180 377 ducem
214 353 254 378 se
288 345 396 378 tanto
434 340 569 378 sceleri
606 340 783 391 praebuit.
859 340 1042 379 Minister
1079 342 1163 390 ejus
1201 340 1388 388 Philotas,

45 402 292 451 Peucolaum,
325 408 365 441 et
394 403 635 441 Demetrium
668 409 707 441 et
738 403 838 441 hunc
872 403 1076 454 Dymnum,
1111 405 1221 453 cujus
1250 417 1388 454 corpus

43 466 225 516 aspicitis,
247 472 482 517 caeterosque
503 467 676 516 ejusdem
703 466 892 516 amentiae,
914 467 953 504 in
981 471 1096 518 caput
1115 480 1241 504 mcum
1262 467 1388 505 subor-

42 529 189 567 navit.”
279 529 472 567 Fremitus
508 530 677 581 undique
723 529 1005 580 indignantium
1042 529 1387 581 ⁵querentiumquc

45 594 130 628 tota
161 592 339 630 concione
373 592 630 642 obstrepebat,
650 592 774 644 qualis
805 591 904 630 solet
931 605 1014 631 esse
1041 593 1316 641 multitudinis,
1348 598 1387 631 et

43 654 210 692 maxime
239 655 431 702 militaris,
452 655 519 693 ubi
552 661 621 693 aut
654 655 781 693 studio
812 655 951 706 agitur,
983 660 1051 693 aut
1084 656 1155 694 ira.
1213 656 1387 694 Nicoma·

41 717 138 755 chus
172 717 324 766 deinde,
346 723 385 756 et
417 718 572 756 Metron
593 723 631 756 et
664 717 872 757 Cebalinus
899 718 1087 769 producti,
1121 732 1208 770 quac
1227 719 1388 771 quisque

43 780 239 818 detulerat
259 786 474 831 exponunt:
502 781 648 819 nullius
678 794 809 820 eorum
836 781 977 819 indicio
998 781 1175 819 Philotas
1193 782 1387 832 particeps

43 843 201 881 sceleris
234 844 510 882 destinabatur.
570 844 709 895 Itaque
729 844 992 896 indignatione
1011 847 1157 895 pressa,
1177 858 1254 883 vox
1285 845 1381 882 indi-

40 919 126 943 cum
163 906 318 944 silentio
356 911 517 957 excepta
555 912 624 944 est.
701 907 801 944 Tum
838 907 951 945 Rex:
998 906 1207 955 “Qualis,”
1247 908 1386 959 inquit,

38 970 165 1019 “ergo
198 970 316 1007 animi
349 969 457 1007 vobis
490 969 658 1017 videtur,
679 969 745 1020 qui
775 969 891 1018 hujus
918 970 975 1007 rei
1003 969 1176 1008 delatum
1203 970 1387 1008 indicium

38 1031 88 1069 ad
107 1032 232 1082 ipsum
253 1032 497 1082 suppressit?
555 1031 669 1077 Quod
687 1044 763 1069 non
782 1032 901 1069 fuisse
920 1045 1073 1080 vanum,
1094 1032 1238 1083 Dymni
1257 1033 1386 1072 exitus

39 1094 218 1133 declarat.
275 1094 470 1133 Incertam
489 1107 570 1133 rem
593 1094 770 1132 deferens
796 1099 989 1132 tormenta
1014 1107 1091 1133 non
1110 1096 1243 1133 timuit
1265 1095 1384 1135 Ceba-

37 1157 140 1196 linus
157 1170 165 1196 :
188 1158 344 1196 Metron
358 1171 406 1196 ne
422 1162 657 1196 momentum
675 1157 830 1209 quidem
848 1157 1032 1208 temporis
1052 1157 1208 1196 distulit
1226 1159 1238 1176 ⁶
1250 1172 1384 1197 exone-

37 1234 122 1259 rare
152 1234 205 1270 se,
225 1227 271 1259 ut
290 1222 334 1259 eo
353 1221 422 1260 ubi
453 1221 610 1260 lavabar
639 1221 881 1272 irrumperet.
939 1220 1119 1259 Philotas
1150 1221 1256 1260 solus
1287 1222 1386 1260 nihil

37 1284 179 1333 timuit,
215 1283 313 1322 nihil
347 1284 553 1323 credidit„-
594 1283 629 1324 O
667 1284 796 1336 magni
832 1284 950 1322 animi
984 1284 1134 1323 virum!
1189 1284 1318 1333 ⁷Iste,
1351 1286 1385 1323 si

38 1347 158 1398 Regis
176 1347 347 1399 periculo
375 1352 692 1396 commoveretur,
711 1347 865 1386 vultum
890 1360 970 1386 non
997 1347 1192 1386 mutaret!
1220 1348 1383 1387 indicem

36 1415 155 1450 tantae
183 1411 242 1450 rei
270 1411 459 1450 sollicitus
487 1424 564 1450 non
593 1411 770 1449 audiret!
838 1410 979 1463 Subest
1007 1411 1192 1450 nimirum
1229 1411 1381 1450 silentio

36 1474 207 1523 facinus3
239 1479 278 1512 et
306 1474 419 1512 avida
439 1487 526 1525 spes
544 1474 655 1524 regni
681 1473 919 1524 praecipitem
947 1474 1116 1512 animum
1135 1474 1183 1512 ad
1202 1474 1382 1513 ultimum

36 1537 143 1575 nefas
176 1536 339 1588 impulit.
397 1537 516 1575 Pater
547 1536 692 1574 Mediae
727 1541 880 1587 praeest.
955 1536 1060 1587 Ipse,
1098 1537 1202 1588 apud
1238 1537 1383 1576 multos

37 1600 231 1651 copiarum
263 1600 380 1638 duces
409 1599 503 1638 meis
522 1604 740 1650 praepotens
759 1599 918 1647 viribus,
939 1600 1096 1649 majora,
1118 1599 1131 1617 ⁸
1144 1601 1260 1651 quam
1280 1601 1384 1651 capit

36 1669 175 1714 sperat.
232 1665 245 1682 ⁹
262 1663 421 1703 Orbitas
440 1675 591 1714 quoque
618 1675 714 1710 mea,
733 1661 837 1713 quod
857 1662 942 1700 sine
970 1661 1104 1700 liberis
1123 1675 1218 1711 sum,
1239 1664 1381 1714 sperni-

37 1732 111 1765 tur.
169 1726 247 1765 Sed
266 1731 370 1764 errat
390 1726 579 1764 Philotas.
638 1725 687 1764 In
706 1725 816 1763 vobis
847 1724 1001 1773 liberos,
1022 1730 1212 1776 parentes,
1231 1739 1381 1764 consan-

34 1789 194 1841 guineos
212 1788 358 1838 habe03
387 1788 498 1827 vobis
520 1787 649 1836 salvis,
670 1787 787 1826 orbus
806 1800 890 1826 esse
908 1801 985 1826 non
1003 1789 1196 1839 possum.”

114 1855 177 1890 27.
209 1851 429 1903 Epistolam
467 1851 605 1889 deinde
644 1851 912 1890 Parmenionis
957 1851 1221 1902 interceptam,
1267 1865 1382 1903 quam

36 1915 86 1953 ad
117 1915 217 1953 filios
249 1914 482 1952 Nicanorem
518 1919 559 1952 et
595 1913 795 1952 Philotam
831 1915 1050 1965 scripserat,
1087 1914 1240 1963 recitat,
1279 1915 1382 1953 haud

36 1978 126 2016 sane
147 1978 332 2016 indicium
350 1977 538 2030 gravioris
557 1977 709 2016 consilii
736 1978 1017 2029 praeferentem.
1076 1977 1255 2030 Namque
1284 1989 1380 2016 sum-

36 2054 99 2079 ma
134 2042 217 2091 ejus
248 2041 330 2079 haec
367 2046 476 2079 erat:
517 2041 736 2079 “Primum
771 2041 893 2079 vestri
929 2054 1061 2079 curam
1096 2041 1210 2092 agite,
1241 2041 1379 2079 deinde

35 2108 278 2142 vestrorum:
307 2104 363 2142 sic
395 2104 509 2152 enim,
541 2117 628 2156 qnae
660 2104 948 2154 destina-vimus,
987 2104 1227 2143 efficiemus.’'
1301 2104 1381 2142 Ad-

43 2167 212 2218 jecitque
231 2166 332 2214 Rex,
353 2166 406 2205 si2
425 2179 508 2205 esse
541 2167 733 2218 scriptam,
754 2172 810 2215 ut,
831 2167 910 2206 sive
930 2167 979 2206 ad
1006 2167 1105 2206 filios
1133 2167 1380 2218 pervenisset,

35 2246 58 2268 a
77 2229 239 2268 consciis
258 2234 390 2280 posset
419 2230 599 2282 intelligi,
618 2231 700 2269 sive
731 2232 948 2282 intercepta
965 2236 1080 2281 esset,
1107 2230 1262 2269 falleret
1280 2230 1382 2280 igna-

35 2306 110 2332 ros.
169 2293 265 2330 “At
297 2292 399 2330 enim
431 2292 619 2343 Dymnus,
657 2295 748 2332 cum
784 2299 945 2333 caetcros
982 2294 1193 2346 participes
1226 2293 1380 2331 sceleris

35 2356 238 2404 indicaret,
259 2355 456 2393 Philotam
488 2368 565 2394 non
593 2357 818 2396 nominavit.
876 2357 964 2396 Hoc
995 2357 1152 2409 quidem
1179 2356 1285 2394 illius
1305 2367 1380 2392 non

35 2418 263 2458 innocentiae
282 2417 347 2457 sed
367 2418 550 2469 potentiae
569 2419 753 2459 indicium
773 2425 844 2469 est,
864 2419 967 2472 quod
995 2421 1052 2459 sic
1071 2420 1120 2458 ab
1139 2419 1187 2457 iis
1207 2418 1378 2461 timetur.
