1583 2680
454 181 613 206 L1131-:n
651 180 764 206 v111.
805 179 915 205 car.
954 179 1022 206 x1.
1340 169 1416 207 5203

76 271 191 322 plere,
221 283 289 309 nec
321 276 511 310 tormenta
543 272 655 311 aliter
685 272 803 310 muris
835 271 1047 323 admovere)
1081 272 1234 323 quidam
1261 285 1280 310 e
1308 286 1415 311 muro

74 334 216 385 sagitta
245 335 439 385 percussit.
498 335 522 354 ¹⁴
538 335 636 375 Tum
655 336 754 373 forte
774 335 815 372 in
847 347 972 373 suram
1003 334 1140 373 incidit
1160 335 1290 383 telum,
1310 337 1415 384 cujus

73 397 218 447 spiculo
237 398 365 436 evulso
385 398 577 439 admoveri
598 411 735 450 equum
762 398 898 448 jussit:
926 411 999 450 quo
1018 402 1161 447 vectus,
1180 411 1227 436 ne
1247 398 1414 449 obligato

72 459 226 510 quidem
256 461 423 510 vulnere,
456 461 558 499 haud
577 462 734 513 segnius
764 461 952 499 destinata
977 462 1261 513 exsequebatur.
1334 461 1413 500 Cae-

72 524 199 561 terum
218 524 306 561 cum
325 537 408 562 crus
427 525 597 562 saucium
625 524 819 575 penderet,
839 529 878 562 et
895 537 1024 563 cruore
1050 524 1192 563 siccato
1210 524 1412 576 frigescens

70 586 207 624 vulnus
235 593 459 638 aggravaret
490 587 669 636 dolorem,
701 587 843 625 dixisse
870 588 1012 626 fertur:
1042 587 1092 627 Se
1119 588 1271 639 quidem
1299 587 1412 626 Jovis

69 649 189 687 filium
208 650 296 699 dici,
327 650 392 688 sed
410 651 577 701 eorporis
607 651 701 701 aegri
719 651 814 689 vitia
845 651 992 689 sentire.
1049 650 1140 689 Non
1168 656 1295 689 tamen
1321 651 1410 688 ante

69 725 108 749 se
144 712 287 763 recepit
323 713 363 750 in
400 719 536 762 castra,
576 717 691 765 quam
732 718 866 751 cuncta
901 713 1106 764 prospexit,
1135 718 1174 752 ct
1210 728 1296 765 quae
1330 714 1412 752 ficri

71 774 198 825 vellet,
218 776 351 815 edixit.
409 776 527 828 Ergo,
547 777 646 815 sicut
677 777 903 827 imperatum
935 782 1028 826 erat,
1047 777 1114 815 alii
1141 782 1252 815 extra
1279 777 1412 816 urbem

69 843 171 876 tecta
190 838 500 888 demoliebantur,
520 840 782 891 ingentemque
800 839 878 878 vim
896 841 1068 879 materiae
1093 840 1265 879 faciendo
1284 841 1412 892 aggeri

69 901 341 952 detrahebant3
386 903 454 940 alii
489 916 712 954 magnarum
755 902 934 941 arborum
980 903 1131 954 stipites
1167 917 1253 941 cum
1297 903 1412 942 ramis

69 977 111 1001 ac
144 964 262 1002 moles
296 978 473 1004 saxorum
503 966 542 1003 in
571 978 749 1004 cavernas
786 966 1023 1015 dejiciebant.
1093 966 1256 1018 Jamque
1298 981 1412 1019 agger

68 1033 286 1078 oequaverat
318 1041 473 1067 summae
502 1028 697 1080 fastigium
726 1034 849 1067 terrae.
906 1028 1043 1080 Itaque
1070 1034 1192 1068 turres
1220 1030 1411 1082 erigeban-

69 1095 154 1129 tur:
182 1103 267 1142 quae
299 1103 413 1141 opera
448 1091 593 1142 ingenti
628 1091 796 1128 militum
833 1090 968 1129 ardore
1003 1091 1108 1130 intra
1142 1105 1281 1131 nonum
1313 1093 1410 1131 diem

67 1152 243 1191 absoluta
273 1157 372 1192 sunt.
429 1153 495 1191 Ad
524 1166 568 1190 ea.
585 1152 745 1191 visenda
772 1153 870 1201 Rex,
885 1153 1052 1191 nondum
1080 1154 1242 1192 obducta
1261 1155 1411 1193 vulneri

67 1215 256 1264 cicatrice,
274 1215 482 1266 processit:
511 1215 752 1267 laudatisque
780 1214 984 1265 militibus,
1005 1215 1197 1255 admoveri
1217 1218 1411 1255 machinas

72 1278 202 1328 jussit,
234 1291 254 1316 e
289 1278 427 1330 quibus
458 1278 592 1330 ingens
619 1278 678 1316 vis
707 1277 872 1316 telorum
900 1278 942 1315 in
969 1284 1267 1331 propugnatores
1295 1281 1412 1318 effusa

66 1345 134 1379 est.
189 1341 388 1392 Praecipue
408 1341 524 1380 rudes
544 1341 682 1379 talium
701 1353 855 1391 operum
873 1341 1068 1380 terrebant
1085 1341 1244 1381 mobiles
1262 1347 1408 1381 turres:

65 1407 264 1455 tantasque
290 1403 420 1452 moles,
440 1403 547 1441 nulla
567 1416 648 1454 ope,
667 1417 752 1454 quae
778 1408 1008 1452 cerneretur,
1028 1403 1223 1454 adductas,
1242 1404 1410 1444 Deorum

64 1466 218 1504 numine
237 1466 300 1518 agi
317 1466 533 1505 credebant.
589 1467 680 1505 Pila
705 1479 853 1517 quoque
879 1466 1054 1516 muralia,
1072 1471 1112 1505 et
1138 1480 1316 1506 excussas
1336 1473 1410 1506 tor-

65 1529 204 1567 mentis
234 1541 450 1580 praegraves
490 1529 630 1577 hastas,
669 1530 694 1547 ²⁵
708 1529 900 1580 negabant
935 1530 1134 1569 convenire
1171 1531 1406 1570 mortalibus.

67 1591 206 1642 Itaque
225 1591 424 1642 desperata
439 1591 546 1630 urbis
564 1591 688 1629 tutela
706 1593 926 1629 concessere
943 1591 986 1628 in
998 1604 1130 1631 arcem.
1187 1593 1300 1641 Inde,
1320 1594 1410 1645 quia

65 1654 165 1693 nihil
197 1654 361 1693 obsessis
390 1658 532 1705 praeter
564 1653 798 1692 deditionem
824 1653 1010 1704 placebat,
1042 1653 1159 1705 legati
1185 1655 1235 1693 ad
1262 1655 1408 1707 Regem

65 1717 351 1765 descenderunt,
379 1717 530 1755 veniam
556 1716 726 1768 petituri.
783 1714 870 1762 Qua
898 1716 1115 1767 impetrata,
1144 1717 1297 1769 Regina
1323 1731 1409 1757 cum

64 1793 198 1832 magno
227 1780 411 1818 nobilium
439 1779 679 1818 foeminarum
707 1791 832 1831 grege,
862 1779 988 1817 aureis
1015 1779 1156 1830 pateris
1174 1781 1262 1818 vina
1288 1780 1408 1820 liban·

64 1842 176 1891 tium,
194 1842 387 1893 processit.
442 1842 535 1893 Ipsa
563 1842 725 1894 genibus
757 1841 877 1892 Regis
895 1853 1012 1892 parvo
1040 1841 1118 1880 filio
1137 1842 1304 1891 admoto,
1332 1856 1407 1882 non

64 1905 215 1944 veniam
242 1905 365 1955 modo,
386 1905 452 1943 sed
479 1905 595 1943 etiam
623 1904 800 1955 pristinae
826 1904 993 1943 fortunae
1022 1903 1244 1955 impetravit
1271 1905 1406 1945 decus:

66 1968 206 2020 quippe
224 1968 414 2019 appellata
431 1973 490 2006 est
508 1968 676 2020 Regina;
707 1972 747 2005 et
774 1966 971 2005 credidere
988 1967 1154 2018 quidam,
1173 1967 1258 2018 plus
1275 1969 1408 2008 formae

66 2033 182 2082 quam
209 2031 446 2070 miserationi
465 2031 605 2069 datum.
662 2031 789 2068 Puero
818 2031 970 2080 quoque
997 2030 1112 2079 certe,
1132 2035 1266 2082 postea
1285 2045 1333 2071 ex
1361 2035 1406 2070 ea

65 2099 268 2144 utcumque
287 2094 430 2145 genito,
451 2093 671 2132 Alexandro
690 2093 769 2130 fuit
785 2105 932 2131 nomen.

146 2156 221 2195 XI.
252 2159 312 2195 36.
342 2156 447 2194 Hinc
475 2156 734 2206 Polyspercon
752 2154 801 2192 ad
818 2154 950 2194 urbem
970 2155 1115 2194 Noram
1134 2169 1218 2195 cum
1237 2159 1408 2197 exercitu

66 2220 216 2268 missus,
247 2219 458 2257 inconditos
486 2219 693 2269 oppidanos
728 2217 858 2268 praelio
886 2218 1005 2257 vicit:
1045 2218 1149 2258 intra
1173 2221 1408 2259 munimenta.

67 2282 277 2333 compulsos
295 2286 458 2330 secutus,
469 2281 604 2319 urbem
624 2281 664 2318 in
682 2281 866 2319 ditionem
882 2280 1042 2333 redegit.
1081 2282 1207 2321 Multa
1225 2283 1408 2335 ignobilia

68 2345 209 2396 oppida
228 2345 379 2383 deserta
407 2358 430 2382 a.
461 2345 541 2382 suis
570 2347 710 2383 venere
730 2345 770 2383 in
789 2346 909 2399 Regis
936 2352 1178 2399 potestatem.
1237 2347 1406 2393 Quorum

68 2409 204 2447 incolae
236 2408 385 2455 armati,
405 2413 554 2458 petram
586 2408 736 2446 Aornin
763 2411 916 2449 nomine
942 2415 1235 2462 occupaverunt.
1294 2410 1406 2447 Hanc

69 2471 117 2510 ab
150 2470 319 2510 Hercule
351 2471 497 2509 frustra
530 2469 723 2509 obsessam
757 2485 851 2521 esse,
875 2477 1064 2524 terraeque
1093 2477 1201 2511 motu
1234 2477 1407 2510 coactum
