1583 2680
451 116 612 142 L1BER
643 117 712 141 VI.
752 117 862 141 CAP.
905 117 997 142 V11.
1322 107 1394 144 125

56 213 181 246 turres
214 208 408 246 admoveri
432 208 569 258 jubet:
609 208 766 260 ipsoque
802 213 960 258 aspectu
997 209 1124 246 territi
1161 208 1337 259 Barbari,
1374 223 1395 248 e

54 271 175 309 muris
208 272 235 290 ²¹
254 271 410 322 supinas
442 284 578 309 manus
610 271 812 310 tendentes
844 284 951 310 orare
989 276 1194 322 coeperunt,
1232 272 1328 310 iram
1355 273 1394 310 in

54 334 340 374 Satibarzanem
378 335 604 372 defectionis
643 339 839 373 auctorem
874 340 1112 384 reservaret,
1158 335 1394 386 supplicibus

53 402 173 436 semet
206 397 435 436 dedentibus
465 402 651 448 parceret.
709 397 808 446 Rex,
841 397 933 436 data
966 398 1092 446 venia,
1123 410 1201 436 non
1231 398 1392 436 obsidio-

51 473 138 499 nem
167 461 281 499 modo
312 460 439 509 solvit,
472 461 539 498 sed
570 461 697 498 omnia
729 473 798 499 sua
827 460 962 499 incolis
989 461 1171 499 reddidit.
1228 461 1294 499 Ab
1321 461 1394 498 hac

50 524 145 562 urbe
191 524 376 575 digresso,
417 524 727 574 supplementum
772 537 956 562 novorum
1001 524 1169 562 militum
1215 525 1390 562 occurrit.

54 587 187 625 Zoilus
220 587 449 638 quingentos
479 587 622 625 milites
653 601 701 625 ex
731 586 881 626 Graecizi¹
910 587 1147 626 adduxerat:
1178 587 1253 625 tria
1271 587 1394 624 millia

50 663 97 688 ex
129 650 290 700 Illyrico
323 651 534 701 Antipater
563 650 729 688 miserat.
789 650 967 688 Thessali
997 651 1146 702 equites
1173 655 1325 688 centum
1354 654 1394 688 et

50 713 212 764 triginta
241 727 328 751 cnm
359 714 542 764 Philippo
576 719 694 751 erant.
753 713 817 752 Ex
851 714 979 764 Lydia
1008 714 1082 752 duo
1102 713 1223 751 millia
1243 718 1282 752 et
1310 726 1392 751 sex-

49 777 163 824 centi,
198 777 422 827 peregrinus
454 777 576 824 miles,
609 777 861 815 advenerant:
898 777 1061 815 trecenti
1091 777 1239 828 equites
1268 777 1392 827 gentis

49 839 221 889 ejusdem
241 841 509 891 sequebantur.
567 840 656 878 Hac
686 853 801 877 manu
831 839 985 889 adjecta
1013 839 1188 890 Drangas
1206 840 1390 890 pervenit.

49 902 243 940 Bellicosa
273 903 378 941 natio
398 908 468 941 est.
529 902 712 953 Satrapes
743 907 827 940 erat
861 902 1151 950 Barzaentes‚²²
1169 902 1324 941 sceleris
1352 902 1393 939 in

48 965 196 1016 Regem
228 978 339 1003 suum
369 965 563 1015 particeps
584 965 714 1003 Besso.
773 965 815 1003 Is
850 965 1134 1016 suppliciorum,
1155 979 1241 1017 quae
1271 979 1393 1003 meru-

47 1034 139 1076 erat,
155 1033 272 1076 metu,
293 1029 462 1078 profugit
485 1029 525 1065 in
545 1028 709 1065 Indiam.

127 1091 226 1130 VII.
263 1093 318 1129 19.
350 1091 380 1129 J
383 1104 444 1128 am
463 1103 606 1128 nonum
631 1091 736 1128 ‘diem
765 1090 907 1128 stativa.
927 1097 1046 1138 erant,
1067 1092 1156 1128 esim
1176 1093 1334 1129 externi).
1354 1091 1394 1130 vi

46 1168 122 1193 non
140 1159 250 1192 tutus
282 1154 397 1192 modo
418 1154 519 1202 Rex,
540 1154 608 1191 sed
627 1154 806 1202 invictus,
835 1154 1018 1191 intestino
1038 1153 1207 1192 facinore
1240 1154 1393 1204 peteba-

47 1223 121 1257 tur.
179 1218 354 1268 Dymnus
386 1217 546 1256 modicae
579 1217 682 1268 apud
712 1217 862 1268 Regem
883 1217 1148 1254 ¹auctoritatis
1180 1222 1219 1255 et
1246 1218 1392 1267 gratiae,

46 1281 202 1328 exoleti,
223 1281 284 1318 cui
305 1280 540 1318 Nicomacho
561 1285 645 1318 erat
675 1293 824 1329 nomen,
844 1293 972 1318 amore
991 1280 1190 1332 flagrabat,
1212 1280 1393 1331 obsequio

45 1344 113 1382 uni
143 1343 217 1382 sibi
248 1343 372 1381 dediti
402 1343 572 1393 corporis
593 1343 755 1381 vinctus.
815 1342 870 1391 Is,
889 1343 993 1394 quod
1024 1356 1072 1380 ex
1101 1343 1212 1381 vultu
1242 1355 1393 1394 quoque

45 1406 211 1457 perspici
229 1411 393 1457 poterat,
414 1406 553 1444 similis
573 1405 738 1443 attonito
757 1406 917 1444 remotis
946 1405 1103 1443 arbitris
1132 1418 1218 1443 cum
1250 1407 1393 1455 juvene

47 1469 207 1507 secessit
239 1469 279 1506 in
308 1469 518 1519 templum;
549 1481 686 1506 arcana
707 1481 746 1506 se
767 1473 806 1506 et
835 1468 986 1507 silenda
1016 1469 1151 1507 afferre
1179 1470 1391 1519 praefatus:

46 1543 340 1582 suspensumque
358 1530 654 1580 exspectatione,
673 1543 742 1580 per
761 1535 931 1568 mutuam
950 1532 1148 1569 caritatem
1168 1536 1208 1569 et
1233 1531 1394 1583 pignora

45 1594 241 1645 utriusque
259 1593 376 1631 animi
394 1598 518 1644 rogat,
537 1597 581 1631 ut
609 1593 767 1630 affirmet
789 1593 1049 1642 jurejurando,
1069 1606 1156 1644 quae
1182 1594 1392 1631 commisis-

47 1662 117 1706 set,
138 1657 292 1695 silentio
311 1669 393 1694 esse
413 1661 612 1694 tenturum.
670 1655 725 1694 Et
743 1656 756 1673 ²
772 1655 838 1693 ille
856 1661 964 1694 ratus
990 1655 1103 1704 nihil,
1124 1656 1135 1673 ³
1149 1655 1252 1707 quod
1280 1656 1394 1694 etiam

47 1733 134 1758 cum
167 1719 337 1770 perjurio
370 1719 625 1770 detegendum
654 1719 764 1767 foret,
795 1718 1064 1767 indicaturum,
1093 1731 1161 1769 per
1188 1724 1394 1769 praesentes

47 1784 148 1822 Deos
172 1785 289 1833 jurat.
347 1783 447 1822 Tum
473 1781 648 1833 Dymnus
677 1781 812 1832 aperit,
843 1782 884 1819 in
913 1782 1071 1819 tertium
1101 1781 1202 1819 diem
1229 1781 1391 1820 insidias

46 1846 149 1899 Regi
167 1851 415 1896 comparatas,
436 1858 550 1896 seque
567 1846 650 1895 ejus
669 1845 818 1883 consilii
838 1845 1004 1883 fortibus
1018 1845 1111 1884 viris
1127 1850 1166 1883 et
1180 1845 1395 1884 illustribus

47 1923 128 1949 esse
160 1909 420 1960 ⁴participem.
478 1908 628 1955 Quibus
655 1909 807 1959 juvenis
839 1908 980 1946 auditis
1019 1921 1060 1947 se
1091 1910 1182 1947 vero
1211 1909 1324 1946 fidem
1355 1909 1395 1946 in

47 1973 251 2025 parricidio
282 1972 430 2011 dedisse
448 1973 691 2010 ‘constanter
723 1972 868 2021 abnuit,
902 1985 972 2010 nec
1007 1971 1089 2010 ulla
1121 1971 1318 2023 religione,
1350 1978 1396 2010 ut

48 2036 171 2074 scelus
202 2041 320 2088 tegat,
351 2048 463 2086 posse
493 2035 711 2088 constringi.
785 2035 958 2086 Dymnus
990 2040 1030 2073 et
1062 2048 1189 2073 amore
1221 2040 1261 2073 et
1292 2040 1392 2073 metu

48 2111 188 2147 amenS,
217 2098 392 2137 dextram
419 2098 560 2137 exoleti
586 2098 806 2150 complexus
833 2104 873 2137 et
900 2099 1124 2149 lacrymans,
1145 2111 1263 2147 orare,
1285 2101 1306 2120 “
1321 2099 1390 2149 pri·

46 2165 149 2201 mum
166 2167 210 2200 ut
228 2162 416 2213 particeps
434 2162 584 2200 consilii
602 2162 799 2214 operisque
817 2162 923 2200 fieret
939 2175 947 2200 :
976 2162 1009 2199 si
1037 2161 1078 2200 id
1105 2162 1294 2200 sustinere
1321 2174 1394 2199 non

47 2230 186 2277 posset,
206 2230 373 2263 attamen
390 2238 437 2263 ne
454 2225 636 2275 proderet
653 2238 706 2274 se,
724 2227 833 2276 cujus
852 2238 942 2277 erga
969 2225 1093 2276 ipsum
1120 2224 1395 2263 benevolentiae

47 2294 187 2340 praeter
206 2287 283 2326 alia
301 2287 373 2325 hoc
390 2300 536 2338 quoque
553 2288 710 2327 haberet
724 2289 975 2328 fortissimum
992 2288 1143 2340 pignus,
1163 2287 1265 2340 qued
1283 2291 1396 2336 caput

48 2365 159 2391 suum
177 2350 414 2402 permisisset
432 2350 519 2388 fidei
548 2350 672 2389 adhuc
691 2351 937 2403 inexpertae.'’
993 2351 1060 2390 Ad
1086 2351 1264 2389 ultimum
1292 2361 1394 2386 aver·

50 2414 126 2452 sari
145 2414 270 2452 scelus
288 2418 591 2464 perseverantem
611 2419 715 2452 metu
726 2415 862 2453 mortis
883 2419 1022 2463 terret;
1055 2417 1077 2436 ‘⁴
1094 2414 1106 2431 ⁸
1121 2413 1167 2451 ab
1188 2413 1253 2450 illo
1273 2410 1395 2462 capite
