1583 2680
442 125 602 150 menn
637 125 706 150 1v.
745 126 856 151 car.
893 125 1000 150 xvi.
1342 117 1390 152 77

49 215 173 254 menio
192 215 393 267 ignorabat
411 217 564 268 quidem
597 230 750 256 causam
769 218 840 255 sua
867 221 1002 267 sponte
1030 230 1170 269 pugnae
1187 217 1360 257 remissae
1379 232 1387 256 :

48 278 116 317 sed
145 279 341 317 occasione
371 280 551 318 vincendi
581 280 739 318 strenue
769 284 830 318 est
857 292 962 318 usus.
1020 279 1224 319 Thessalos
1243 281 1389 332 equites

47 341 97 379 ad
116 355 156 380 se
175 342 303 380 vocari
318 342 453 392 jubet:
485 344 505 363 ‘⁴
522 343 709 394 Ecquid,”
730 343 867 394 inquit,
886 343 907 364 “
924 343 1064 381 videtis
1083 343 1190 391 istos,
1210 344 1277 395 qui
1294 344 1389 382 sero-

47 405 143 443 citer
178 404 292 443 modo
329 405 533 454 instabant,
562 405 698 456 pedem
733 406 875 444 referre
913 406 1042 444 subito
1073 419 1215 456 pavore
1246 412 1389 457 pert-er-

44 467 173 505 ritos‘?
228 467 265 505 N
270 468 424 506 imiriim
443 469 578 506 ⁵nobis
610 481 761 520 quoque
791 468 913 520 Regis
932 469 1056 506 nostri
1082 469 1239 507 fortuna
1257 470 1386 507 vincit.

46 530 60 548 ⁸
79 529 220 570 Omnia
253 530 461 569 Persarum
493 531 596 570 caede
627 536 751 569 strata
780 536 894 569 sunt:
921 531 1017 583 quid
1046 532 1237 570 cessatis?
1265 545 1313 570 an
1340 546 1387 570 ne

45 593 280 644 fugientibus
309 594 464 645 quidem
493 607 605 645 pares
625 594 781 632 estis?'’
838 593 946 632 Vera
965 595 1092 633 dicere
1111 595 1328 643 videbatur,
1349 601 1388 633 ct

45 669 132 706 spes
150 656 375 707 languentes
394 671 542 708 quoque
564 662 738 696 erexerat
754 669 763 695 :
792 657 957 702 subditis
975 657 1187 695 calcaribus
1205 662 1387 708 proruere

45 719 85 756 in
103 719 275 757 hostem:
305 719 435 771 σῦκ
461 722 542 770 jam
561 733 637 758 non
657 721 812 769 sensim,
832 720 900 758 sed
930 720 1048 759 citato
1076 720 1198 771 gradu
1216 721 1387 758 ’1000110-

45 781 138 819 bant
154 795 163 820 t
190 795 260 820 nec
279 783 488 834 quidquam
509 784 624 835 fugae,
643 783 719 821 nisi
738 783 841 835 quod
861 788 972 834 terga
990 784 1162 822 nondum
1180 789 1386 831 verterant,

45 845 186 884 decrat.
245 846 448 885 Parmenio
480 852 607 885 tamen
646 847 814 898 ignarus,
832 859 1007 898 quaenam
1035 847 1075 884 in
1103 846 1241 884 dextro
1270 859 1388 884 cornu

43 909 195 946 fortuna
227 909 350 960 Regis
383 915 495 956 esset,
530 911 713 960 repressit
745 922 845 947 31103.
917 909 1098 957 Mazaeus,
1131 909 1221 948 dato
1250 923 1388 960 pugnae

43 971 199 1021 ⁸spatio,
218 984 295 1009 non
313 977 418 1009 recto
438 973 587 1019 itinere,
609 972 677 1009 sed
692 974 847 1022 majore,
867 976 907 1009 et
926 972 974 1010 ob
993 971 1034 1009 id
1053 973 1196 1010 tutiore
1214 973 1387 1022 circuitu,

43 1034 190 1085 Tigrim
208 1039 374 1084 superat,
395 1038 434 1072 et
454 1033 695 1084 Babylonem
723 1046 810 1071 cum
828 1033 1001 1084 reliquiis
1029 1034 1170 1072 devicti
1189 1035 1387 1073 exercitiis

41 1098 173 1136 intrat.

120 1163 182 1198 61.
213 1159 368 1208 Darius,
389 1160 521 1210 paucis
541 1160 644 1211 fugae
664 1159 867 1198 comitibus
887 1159 936 1197 ad
965 1159 1115 1210 Lycum
1133 1173 1283 1198 amnem
1303 1173 1385 1198 con-

42 1223 246 1262 tenderat:
275 1235 351 1274 quo
371 1225 547 1274 trajecto,
568 1223 762 1262 dubitavit
791 1236 840 1260 an
859 1222 1022 1261 solveret
1035 1228 1215 1273 pontem:
1244 1224 1385 1275 quippe

42 1286 192 1324 hostem
219 1288 300 1336 jam
319 1286 436 1324 affore
465 1286 731 1324 nunciabatur.
790 1285 867 1324 Sed
887 1290 946 1323 tot
964 1285 1087 1324 millia
1114 1299 1280 1334 suorum,
1300 1299 1387 1338 quae

42 1349 210 1388 nondum
228 1349 278 1387 ad
307 1363 455 1387 amnem
484 1354 748 1400 pervenerant,
766 1355 883 1400 ponte
912 1349 1044 1399 reciso,
1063 1348 1231 1399 praedam
1263 1349 1386 1387 hostis

41 1413 122 1451 fore
159 1413 324 1451 videbat.
398 1413 631 1461 Abeuntem,
676 1414 765 1450 cum
802 1413 988 1450 intactum
1034 1412 1177 1450 sineret
1221 1405 1386 1463 pontem',

42 1476 186 1514 dixisse
200 1480 362 1524 constat,
381 1476 393 1494 ⁹
408 1476 521 1514 malle
537 1489 577 1514 se
592 1475 880 1526 insequentibus
899 1475 974 1513 iter
986 1475 1087 1525 dare,
1101 1476 1217 1526 quam
1236 1476 1385 1513 auferre

41 1539 289 1589 fugientibus
359 1538 451 1588 Ipse
471 1539 494 1556 ¹⁰
506 1539 640 1589 ingens
660 1537 827 1587 spatium
845 1538 940 1588 fuga.
958 1550 1144 1585 emensuS,
1164 1538 1290 1576 media
1305 1539 1384 1576 fere

41 1607 151 1639 nocte
188 1601 336 1639 Arbela
370 1601 556 1651 pervenit.
621 1599 716 1645 Quis
749 1604 809 1638 tot
839 1599 1010 1638 ludibria
1037 1600 1215 1648 fortunae,
1246 1601 1385 1638 dueum

42 1664 308 1715 agminumque
341 1664 484 1702 caedem
513 1663 777 1714 multiplicem,
811 1662 1049 1701 devictorum
1080 1663 1219 1713 fugam,
1256 1663 1385 1701 clades

41 1739 142 1765 nunc
162 1726 412 1778 singulorum,
432 1739 533 1764 1111110
562 1726 839 1775 universorum,
859 1730 926 1763 aut
947 1725 1070 1763 animo
1090 1723 1241 1777 assequi
1259 1731 1384 1777 queat,

41 1795 108 1828 aut
135 1791 308 1828 oratione
340 1789 577 1840 complecti?
632 1788 916 1839 Propemodum
947 1788 1077 1827 saeculi
1108 1801 1169 1826 res
1198 1789 1237 1826 in
1266 1802 1385 1827 unum

42 1853 151 1891 illum
172 1853 274 1892 diem
293 1853 448 1891 fortuna
461 1851 682 1890 cumulavit.
739 1851 826 1890 Alii
843 1851 921 1903 qua
940 1851 1208 1890 brevissimum
1226 1851 1384 1902 patebat

42 1917 126 1964 iter,
154 1916 220 1954 alii
250 1916 422 1955 diversos
456 1915 590 1966 saltus,
609 1920 650 1953 et
679 1915 830 1966 ignotos
860 1914 1109 1965 sequentibus
1141 1914 1256 1952 calles
1283 1920 1383 1965 pete-

41 1979 144 2017 bant.
202 1979 335 2031 Eques
364 1978 555 2030 pedesque
585 1978 733 2016 confusi
765 1978 847 2016 sine
881 1977 990 2025 duce,
1020 1977 1177 2014 armatis
1206 1977 1382 2025 inermes,

42 2041 205 2093 integris
250 2041 397 2080 debiles
441 2040 748 2091 implicabantur.
778 2067 786 2073 -
824 2040 989 2088 Deinde,
1034 2040 1299 2080 misericordia.
1344 2041 1384 2078 in

42 2110 186 2142 metum
203 2107 328 2153 versa,
347 2104 415 2155 qui
444 2103 552 2155 sequi
577 2116 655 2142 non
685 2109 876 2158 poterant,
905 2104 1007 2141 inter
1037 2107 1192 2141 mutuos
1217 2103 1383 2154 gemitus

43 2167 326 2205 deserebantur.
384 2167 480 2205 Sitis
507 2166 700 2218 praecipue
718 2167 902 2216 fatigatos
921 2171 962 2204 et
991 2166 1139 2204 saucios
1165 2165 1382 2217 perurebat,

41 2231 259 2281 passimque
278 2229 455 2267 omnibus
484 2229 579 2268 rivis
608 2233 898 2280 prostraverant
929 2241 1100 2279 corpora,
1127 2228 1382 2278 praeterfluen-

45 2299 121 2331 tem
154 2305 289 2344 aquam
316 2292 440 2330 hianti
457 2305 522 2331 ore
540 2298 747 2344 captantes.
806 2291 931 2338 Quam
949 2293 1039 2330 esim
1057 2291 1168 2330 avide
1188 2290 1383 2329 turbidam

44 2356 271 2405 hausissent,
291 2356 313 2374 ¹¹
330 2355 581 2394 tendebantur
599 2356 792 2407 extemplo
809 2355 1023 2406 praecordia
1041 2359 1237 2406 premente
1265 2353 1356 2391 limo
1372 2365 1381 2391 ε

47 2419 301 2470 resolutisque
330 2424 369 2456 et
399 2419 642 2468 torpentibus
661 2419 852 2461 membris,
872 2421 956 2456 011111
988 2417 1267 2456 sunervenissct
1298 2415 1368 2454 hos
