1583 2680
433 200 594 225 muna
635 199 715 225 111.
760 199 870 226 car.
914 198 1032 224 vr11.
1349 188 1395 222 21

146 294 207 330 20.
239 292 447 341 Caeterum,
459 296 505 331 ut
523 292 622 331 solet
638 291 731 340 fieri,
747 292 837 330 cum
854 291 983 330 ultimi
1001 291 1230 329 discriminis
1251 294 1402 340 tempus

66 355 259 404 adventat,
294 357 334 394 in
366 356 662 395 sollicitudinem
693 369 804 395 versa.
834 356 974 394 fiducia
1003 359 1070 393 est.
1135 354 1250 392 Illam
1282 353 1403 403 ipsam

67 419 273 468 fortunam,
293 420 579 473 quaaspirante
598 432 660 458 res
679 425 758 457 tam
776 420 958 470 prospere
987 422 1169 470 gesserat,
1189 417 1403 463 verebatur,

74 484 97 500 ¹²
111 495 180 521 nec
200 483 356 533 injuria,
373 497 422 522 ex
439 483 500 521 his
518 497 604 535 quae
622 483 822 522 tribuisset
840 483 925 533 sibi,
942 483 1054 534 quam
1074 481 1272 520 mutabilis
1291 484 1403 525 esset,

68 547 296 596 reputabat:
325 560 440 584 unam
459 559 658 597 superesse
677 552 838 594 noctem,
855 560 940 598 quoe
965 546 1065 584 tanti
1084 544 1312 583 discriminis
1331 555 1406 579 mo-

70 614 221 647 raretur
247 615 436 648 eventum.
494 610 647 649 Rursus
679 610 910 659 occurrebat,
929 611 1075 660 majora
1104 607 1285 660 periculis
1314 618 1405 656 prae-

68 673 162 710 mia:
191 677 231 710 et
249 673 351 711 sicut
369 673 528 711 dubium
547 678 649 711 essct
667 686 715 710 an
732 673 916 721 vinceret,
931 673 987 710 ita
1001 672 1100 710 illud
1114 672 1248 722 utiquc
1263 674 1406 707 certum

70 747 165 783 csse,
184 735 342 774 honeste
362 741 402 774 et
421 749 505 774 cum
523 738 661 788 magna
679 736 794 774 laude
821 736 1059 774 moriturum.
1118 735 1266 786 Itaque,
1289 733 1314 752 '³
1329 745 1406 770 cor·

70 811 162 848 pora
180 799 324 837 milites
343 812 476 837 curare
491 800 621 849 jussit,
638 812 682 837 ac
701 799 837 837 deinde
856 799 975 837 tertia
990 799 1123 850 vigilia
1142 799 1350 836 instructos
1370 800 1409 833 et

71 867 240 900 armatos
259 875 352 900 esse.
412 863 502 912 Ipse
517 863 556 899 in
572 864 709 913 jugum
728 863 823 900 editi
841 863 983 900 montis
1002 863 1186 910 ascendit,
1202 861 1409 911 multisque

71 924 352 963 collucentibus
372 925 519 963 facibus
545 925 669 975 patrio
689 938 794 963 more
823 925 1049 963 sacrificium
1077 925 1164 962 Diis
1182 924 1410 976 praesidibus

72 987 147 1025 loci
165 987 268 1025 feeit.
327 987 494 1038 Jamque
522 987 691 1035 tertium,
721 988 820 1025 sicut
846 993 1078 1038 praeceptnm
1105 992 1200 1035 erat,
1222 988 1247 1005 ¹⁴
1261 987 1409 1037 signum

73 1051 168 1090 tuba¹
185 1051 296 1088 miles
315 1055 525 1100 acceperat,
545 1051 674 1088 itineri
694 1050 808 1088 simul
827 1055 985 1101 paratus
1005 1056 1044 1088 et
1062 1050 1213 1101 praelio:
1244 1055 1411 1088 strenue-

72 1127 147 1166 que
172 1114 272 1164 jussi
299 1113 516 1164 procedere,
541 1113 688 1151 oriente
721 1113 806 1151 luce
839 1119 1094 1164 pervenerunt
1124 1113 1173 1151 ad
1203 1114 1411 1164 angustiaS,

73 1190 169 1229 quas
206 1190 388 1228 occupare
430 1177 689 1215 decreverant.
760 1177 923 1215 Darium
965 1177 1127 1228 triginta
1162 1177 1251 1214 inde
1288 1177 1413 1214 stadia

74 1241 218 1289 abesse,
237 1241 426 1291 praemissi
445 1239 676 1278 indicabant.
735 1240 843 1278 Tunc
863 1241 1070 1279 consistere
1092 1241 1118 1259 ¹⁵
1131 1253 1265 1292 agmen
1289 1240 1412 1290 jubet,

75 1304 264 1355 armisque
283 1305 364 1354 ipse
384 1304 546 1355 sumptis
566 1304 685 1342 aciem
704 1303 914 1342 ordinabat.

156 1370 217 1406 21.
248 1368 367 1406 Dario
383 1367 591 1406 adventum
610 1367 776 1406 hostium
796 1368 926 1418 pavidi
941 1372 1112 1417 agrestes
1126 1368 1413 1414 nunciaverunt,

76 1432 144 1470 vix
172 1431 345 1470 credenti
373 1445 571 1469 occurrere
601 1432 729 1479 etiam,
749 1444 855 1483 quos,
874 1437 920 1469 ut
946 1432 1150 1483 fugientes,
1171 1431 1412 1483 sequebatur.

79 1495 184 1546 Ergo
199 1508 274 1533 non
288 1494 492 1533 mediocris
507 1495 676 1533 omnium
692 1495 836 1532 animos
847 1495 1011 1533 formido
1026 1495 1254 1533 incesserat:
1276 1495 1415 1546 quippe

79 1559 207 1610 itineri
221 1560 338 1610 quam
353 1558 486 1608 praelio
502 1558 667 1608 aptiores
683 1563 803 1605 crant,
820 1559 847 1576 ¹⁶
859 1558 1072 1609 raptimque
1086 1572 1188 1596 arma
1202 1558 1414 1608 capiebant.

81 1622 158 1661 Sed
179 1622 263 1672 ipsa
281 1621 477 1659 festinatio
493 1620 802 1668 discurrentium,
819 1633 982 1671 suosque
1001 1621 1050 1658 ad
1069 1635 1172 1659 arma
1185 1621 1415 1668 vocantium,

79 1687 261 1735 maj0rem
279 1688 422 1722 metum
441 1683 612 1721 incussit.
672 1683 757 1721 Alii
776 1684 815 1721 in
831 1685 968 1734 jugum
987 1685 1129 1722 montis
1148 1689 1358 1731 evaserant,
1373 1688 1418 1720 ut

80 1748 247 1786 hostium
266 1760 403 1799 agmen
421 1746 509 1784 inde
529 1746 813 1797 prospicerent:
842 1759 956 1798 equos
981 1747 1154 1798 plerique
1181 1746 1416 1784 fraenabant:

81 1812 227 1850 discors
260 1810 463 1858 exercitus,
491 1823 560 1848 nec
594 1809 642 1847 ad
673 1811 699 1828 ¹⁷
712 1823 830 1847 unum
866 1810 1036 1848 intentus
1069 1810 1281 1861 imperium,
1312 1809 1418 1848 vario

81 1875 253 1913 tumultu
271 1878 409 1912 cuncta
426 1873 661 1912 turbaverat.
721 1873 864 1911 Darius
884 1874 1006 1922 initio,
1022 1874 1163 1912 montis
1178 1875 1314 1925 jugum
1333 1886 1418 1910 cum

81 1944 191 1989 parte
210 1937 405 1988 copiarum
425 1949 609 1987 occupare
629 1937 776 1986 statuit,
792 1942 832 1975 et
851 1950 873 1974 a
887 1937 1026 1985 fronte,
1042 1943 1082 1975 et
1097 1950 1119 1974 a
1137 1942 1245 1987 tergo
1265 1937 1417 1974 circum-

83 2002 209 2039 iturus
236 2001 408 2038 hostem:
449 1999 514 2037 ¹⁸a
543 1999 639 2037 mari
668 2013 830 2051 quoque,
861 2013 937 2051 quo
965 2000 1165 2038 dexterum
1194 2002 1276 2050 ejus
1304 2013 1420 2038 cornu

83 2064 297 2116 tegebatur,
317 2063 412 2102 alios
433 2063 663 2113 objecturus,
682 2068 728 2101 ut
746 2063 914 2115 undique
933 2069 1098 2114 urgeret.
1157 2064 1309 2103 Praetet
1330 2075 1420 2110 naec,

85 2128 224 2179 viginti
254 2127 378 2165 millia
407 2126 608 2177 praemissa
640 2140 726 2165 cum
759 2127 1044 2179 sagittariorum
1075 2140 1201 2175 manu,
1235 2127 1422 2165 Pinarum

86 2203 246 2239 amnem,
264 2190 332 2242 qui
351 2189 427 2228 duo
446 2190 598 2241 agmina
625 2190 878 2239 interfluebat,
899 2191 1074 2240 transire,
1096 2196 1135 2229 et
1153 2191 1319 2241 objicere
1339 2203 1422 2228 sese

88 2253 343 2292 Macedonum
363 2253 483 2304 copiis
507 2255 686 2303 jusserat.
745 2254 788 2293 Si
807 2255 847 2292 id
866 2259 1050 2305 praestare
1078 2268 1155 2293 non
1181 2260 1348 2306 possent,
1369 2268 1422 2291 re-

90 2316 284 2355 trocedere
316 2316 355 2353 in
387 2322 549 2365 montes,
579 2322 618 2355 et
645 2317 793 2356 occulte
827 2318 1026 2356 circumire
1053 2318 1211 2356 ultimos
1243 2318 1420 2355 hostium.

92 2380 287 2420 Caeterum
308 2380 334 2397 ¹·
349 2379 538 2418 destinata
553 2381 770 2430 salubriter,
787 2382 888 2419 omni
902 2382 1050 2420 ratione
1065 2382 1257 2432 potentior
1272 2381 1426 2417 fortuna

92 2443 298 2482 discussit:
326 2442 467 2494 quippe
487 2443 551 2481 alii
571 2457 650 2494 prae
678 2450 782 2483 metu
811 2446 1012 2496 imperium
1043 2445 1179 2495 exequi
1209 2457 1282 2481 non
1314 2443 1424 2480 aude·
