<?xml version="1.0" encoding="UTF-8"?>
<!DOCTYPE html PUBLIC "-//W3C//DTD XHTML 1.0 Transitional//EN"
    "http://www.w3.org/TR/xhtml1/DTD/xhtml1-transitional.dtd">
<html xmlns="http://www.w3.org/1999/xhtml" xml:lang="en" lang="en">
 <head>
  <title>
</title>
<meta http-equiv="Content-Type" content="text/html;charset=utf-8" />
  <meta name='ocr-system' content='tesseract 3.04.00' />
  <meta name='ocr-capabilities' content='ocr_page ocr_carea ocr_par ocr_line ocrx_word'/>
</head>
<body>
  <div class='ocr_page' id='page_1' title='image "./lifeexploitsofal00curtuoft/lifeexploitsofal00curtuoft_0071.png"; bbox 0 0 1583 2680; ppageno 0'>
   <div class='ocr_carea' id='block_1_1' title="bbox 468 141 1379 178">
    <p class='ocr_par' dir='ltr' id='par_1_1' title="bbox 468 141 1379 178">
     <span class='ocr_line' id='line_1_1' title="bbox 468 141 1379 178; baseline 0.001 -3"><span class='ocrx_word' id='word_1_1' title='bbox 468 150 630 176; x_wconf 64' lang='lat' dir='ltr'>Lmen</span> <span class='ocrx_word' id='word_1_2' title='bbox 670 149 738 175; x_wconf 80' lang='grc' dir='ltr'>ιν.</span> <span class='ocrx_word' id='word_1_3' title='bbox 783 149 895 175; x_wconf 62' lang='lat' dir='ltr'>car.</span> <span class='ocrx_word' id='word_1_4' title='bbox 935 150 976 175; x_wconf 79' lang='lat' dir='ltr'>x.</span> <span class='ocrx_word' id='word_1_5' title='bbox 1337 141 1379 178; x_wconf 80' lang='grc'>61</span> 
     </span>
    </p>
   </div>
   <div class='ocr_carea' id='block_1_2' title="bbox 19 240 1386 2500">
    <p class='ocr_par' dir='ltr' id='par_1_2' title="bbox 45 240 1386 357">
     <span class='ocr_line' id='line_1_2' title="bbox 45 240 1386 293; baseline 0.001 -13"><span class='ocrx_word' id='word_1_6' title='bbox 45 241 368 293; x_wconf 84' lang='lat' dir='ltr'>pulchritudinem</span> <span class='ocrx_word' id='word_1_7' title='bbox 385 241 519 280; x_wconf 83' lang='lat' dir='ltr'>formae</span> <span class='ocrx_word' id='word_1_8' title='bbox 549 243 645 292; x_wconf 86' lang='lat' dir='ltr'>ejus,</span> <span class='ocrx_word' id='word_1_9' title='bbox 664 254 741 280; x_wconf 89' lang='lat' dir='ltr'>non</span> <span class='ocrx_word' id='word_1_10' title='bbox 767 240 939 293; x_wconf 76' lang='lat' dir='ltr'>libidinis</span> <span class='ocrx_word' id='word_1_11' title='bbox 966 241 1152 280; x_wconf 78' lang='lat' dir='ltr'><strong>habuerat</strong></span> <span class='ocrx_word' id='word_1_12' title='bbox 1170 242 1386 282; x_wconf 85' lang='lat' dir='ltr'>incitamen-</span> 
     </span>
     <span class='ocr_line' id='line_1_3' title="bbox 46 304 386 357; baseline 0 -14"><span class='ocrx_word' id='word_1_13' title='bbox 46 309 139 354; x_wconf 85' lang='lat' dir='ltr'><strong>tum,</strong></span> <span class='ocrx_word' id='word_1_14' title='bbox 159 305 227 343; x_wconf 88' lang='lat' dir='ltr'>sed</span> <span class='ocrx_word' id='word_1_15' title='bbox 244 304 386 357; x_wconf 86' lang='lat' dir='ltr'>gloriae.</span> 
     </span>
    </p>

    <p class='ocr_par' dir='ltr' id='par_1_3' title="bbox 19 367 1386 2500">
     <span class='ocr_line' id='line_1_4' title="bbox 124 367 1386 419; baseline 0.001 -13"><span class='ocrx_word' id='word_1_16' title='bbox 124 370 186 406; x_wconf 80' lang='lat'>42.</span> <span class='ocrx_word' id='word_1_17' title='bbox 218 367 252 406; x_wconf 92' lang='lat' dir='ltr'><strong>E</strong></span> <span class='ocrx_word' id='word_1_18' title='bbox 274 367 519 419; x_wconf 80' lang='lat' dir='ltr'>spadonibus,</span> <span class='ocrx_word' id='word_1_19' title='bbox 534 367 600 419; x_wconf 90' lang='lat' dir='ltr'>qui</span> <span class='ocrx_word' id='word_1_20' title='bbox 621 367 722 406; x_wconf 89' lang='lat' dir='ltr'>circa</span> <span class='ocrx_word' id='word_1_21' title='bbox 741 367 932 419; x_wconf 79' lang='lat' dir='ltr'>Reginam</span> <span class='ocrx_word' id='word_1_22' title='bbox 952 373 1072 416; x_wconf 87' lang='lat' dir='ltr'>erant,</span> <span class='ocrx_word' id='word_1_23' title='bbox 1091 368 1270 418; x_wconf 71' lang='lat' dir='ltr'>Tyriotes</span> <span class='ocrx_word' id='word_1_24' title='bbox 1286 369 1386 407; x_wconf 82' lang='lat' dir='ltr'>inter</span> 
     </span>
     <span class='ocr_line' id='line_1_5' title="bbox 43 427 1386 483; baseline 0.001 -15"><span class='ocrx_word' id='word_1_25' title='bbox 43 430 340 481; x_wconf 79' lang='lat' dir='ltr'>trepidationem</span> <span class='ocrx_word' id='word_1_26' title='bbox 368 427 584 482; x_wconf 83' lang='lat' dir='ltr'>lugentium</span> <span class='ocrx_word' id='word_1_27' title='bbox 612 431 777 482; x_wconf 83' lang='lat' dir='ltr'>elapsus,</span> <span class='ocrx_word' id='word_1_28' title='bbox 796 444 866 482; x_wconf 90' lang='lat' dir='ltr'>per</span> <span class='ocrx_word' id='word_1_29' title='bbox 893 444 976 469; x_wconf 89' lang='lat' dir='ltr'>eam</span> <span class='ocrx_word' id='word_1_30' title='bbox 1002 437 1162 482; x_wconf 89' lang='lat' dir='ltr'>portam,</span> <span class='ocrx_word' id='word_1_31' title='bbox 1181 445 1278 483; x_wconf 77' lang='lat' dir='ltr'>quae,</span> <span class='ocrx_word' id='word_1_32' title='bbox 1297 433 1386 483; x_wconf 85' lang='lat' dir='ltr'>quia</span> 
     </span>
     <span class='ocr_line' id='line_1_6' title="bbox 44 493 1386 542; baseline 0 -10"><span class='ocrx_word' id='word_1_33' title='bbox 44 493 93 533; x_wconf 86' lang='lat' dir='ltr'>ab</span> <span class='ocrx_word' id='word_1_34' title='bbox 119 493 231 532; x_wconf 85' lang='lat' dir='ltr'>hoste</span> <span class='ocrx_word' id='word_1_35' title='bbox 263 507 397 532; x_wconf 77' lang='lat' dir='ltr'>aversa</span> <span class='ocrx_word' id='word_1_36' title='bbox 431 499 525 542; x_wconf 86' lang='lat' dir='ltr'>erat,</span> <span class='ocrx_word' id='word_1_37' title='bbox 554 493 683 532; x_wconf 75' lang='lat' dir='ltr'>levius</span> <span class='ocrx_word' id='word_1_38' title='bbox 715 493 1015 542; x_wconf 82' lang='lat' dir='ltr'>custodiebatur,</span> <span class='ocrx_word' id='word_1_39' title='bbox 1035 494 1086 532; x_wconf 87' lang='lat' dir='ltr'>ad</span> <span class='ocrx_word' id='word_1_40' title='bbox 1117 494 1228 532; x_wconf 89' lang='lat' dir='ltr'>Darii</span> <span class='ocrx_word' id='word_1_41' title='bbox 1261 502 1386 533; x_wconf 85' lang='lat' dir='ltr'>castra</span> 
     </span>
     <span class='ocr_line' id='line_1_7' title="bbox 43 557 1384 608; baseline 0 -13"><span class='ocrx_word' id='word_1_42' title='bbox 43 557 237 608; x_wconf 85' lang='lat' dir='ltr'>pervenit:</span> <span class='ocrx_word' id='word_1_43' title='bbox 267 562 525 608; x_wconf 80' lang='lat' dir='ltr'>exceptusque</span> <span class='ocrx_word' id='word_1_44' title='bbox 545 571 568 595; x_wconf 88' lang='lat' dir='ltr'>a</span> <span class='ocrx_word' id='word_1_45' title='bbox 582 557 778 608; x_wconf 75' lang='lat' dir='ltr'>vigilibus,</span> <span class='ocrx_word' id='word_1_46' title='bbox 794 557 835 595; x_wconf 90' lang='lat' dir='ltr'>in</span> <span class='ocrx_word' id='word_1_47' title='bbox 854 557 1143 596; x_wconf 86' lang='lat' dir='ltr'>tabernaculum</span> <span class='ocrx_word' id='word_1_48' title='bbox 1162 557 1284 608; x_wconf 82' lang='lat' dir='ltr'>Regis</span> <span class='ocrx_word' id='word_1_49' title='bbox 1303 571 1384 608; x_wconf 87' lang='lat' dir='ltr'>per-</span> 
     </span>
     <span class='ocr_line' id='line_1_8' title="bbox 45 620 1384 672; baseline -0.001 -14"><span class='ocrx_word' id='word_1_50' title='bbox 45 620 197 659; x_wconf 80' lang='lat' dir='ltr'>ducitur</span> <span class='ocrx_word' id='word_1_51' title='bbox 213 634 368 672; x_wconf 87' lang='lat' dir='ltr'>gemens</span> <span class='ocrx_word' id='word_1_52' title='bbox 387 626 427 659; x_wconf 88' lang='lat' dir='ltr'>et</span> <span class='ocrx_word' id='word_1_53' title='bbox 440 626 548 659; x_wconf 75' lang='lat' dir='ltr'>veste</span> <span class='ocrx_word' id='word_1_54' title='bbox 567 620 749 659; x_wconf 69' lang='lat' dir='ltr'>lacerata.</span> <span class='ocrx_word' id='word_1_55' title='bbox 808 620 931 666; x_wconf 88' lang='lat' dir='ltr'>Quem</span> <span class='ocrx_word' id='word_1_56' title='bbox 949 626 995 658; x_wconf 87' lang='lat' dir='ltr'>ut</span> <span class='ocrx_word' id='word_1_57' title='bbox 1013 621 1210 671; x_wconf 78' lang='lat' dir='ltr'>conspexit</span> <span class='ocrx_word' id='word_1_58' title='bbox 1230 621 1384 667; x_wconf 84' lang='lat' dir='ltr'>Darius,</span> 
     </span>
     <span class='ocr_line' id='line_1_9' title="bbox 44 683 1384 735; baseline 0.001 -15"><span class='ocrx_word' id='word_1_59' title='bbox 44 683 249 735; x_wconf 85' lang='lat' dir='ltr'>multiplici</span> <span class='ocrx_word' id='word_1_60' title='bbox 266 684 410 722; x_wconf 90' lang='lat' dir='ltr'>doloris</span> <span class='ocrx_word' id='word_1_61' title='bbox 429 683 714 734; x_wconf 80' lang='lat' dir='ltr'>exspectatione</span> <span class='ocrx_word' id='word_1_62' title='bbox 729 688 951 732; x_wconf 87' lang='lat' dir='ltr'>commotus,</span> <span class='ocrx_word' id='word_1_63' title='bbox 966 688 1016 732; x_wconf 86' lang='lat' dir='ltr'>et,</span> <span class='ocrx_word' id='word_1_64' title='bbox 1032 684 1126 735; x_wconf 92' lang='lat' dir='ltr'>quid</span> <span class='ocrx_word' id='word_1_65' title='bbox 1139 684 1384 734; x_wconf 71' lang='lat' dir='ltr'>potissimum</span> 
     </span>
     <span class='ocr_line' id='line_1_10' title="bbox 44 746 1385 798; baseline 0 -14"><span class='ocrx_word' id='word_1_66' title='bbox 44 746 211 796; x_wconf 88' lang='lat' dir='ltr'>timeret,</span> <span class='ocrx_word' id='word_1_67' title='bbox 231 747 424 785; x_wconf 89' lang='lat' dir='ltr'>incertus:</span> <span class='ocrx_word' id='word_1_68' title='bbox 454 746 639 785; x_wconf 82' lang='lat' dir='ltr'>“Vultus</span> <span class='ocrx_word' id='word_1_69' title='bbox 670 747 799 795; x_wconf 88' lang='lat' dir='ltr'>tuus,&#39;&#39;</span> <span class='ocrx_word' id='word_1_70' title='bbox 819 746 956 798; x_wconf 88' lang='lat' dir='ltr'>inquit,</span> <span class='ocrx_word' id='word_1_71' title='bbox 977 748 998 768; x_wconf 85' lang='lat'>“</span> <span class='ocrx_word' id='word_1_72' title='bbox 1013 747 1177 785; x_wconf 76' lang='lat' dir='ltr'>¹⁶nescio</span> <span class='ocrx_word' id='word_1_73' title='bbox 1206 747 1312 798; x_wconf 85' lang='lat' dir='ltr'>quod</span> <span class='ocrx_word' id='word_1_74' title='bbox 1331 747 1385 784; x_wconf 90' lang='lat' dir='ltr'>in-</span> 
     </span>
     <span class='ocr_line' id='line_1_11' title="bbox 44 809 1382 861; baseline 0.001 -14"><span class='ocrx_word' id='word_1_75' title='bbox 44 822 136 860; x_wconf 79' lang='lat' dir='ltr'>gens</span> <span class='ocrx_word' id='word_1_76' title='bbox 152 809 295 848; x_wconf 83' lang='lat' dir='ltr'>malum</span> <span class='ocrx_word' id='word_1_77' title='bbox 309 810 489 861; x_wconf 83' lang='lat' dir='ltr'>praefcrt:</span> <span class='ocrx_word' id='word_1_78' title='bbox 510 810 578 848; x_wconf 88' lang='lat' dir='ltr'>sed</span> <span class='ocrx_word' id='word_1_79' title='bbox 594 811 620 827; x_wconf 83' lang='lat'>¹⁷</span> <span class='ocrx_word' id='word_1_80' title='bbox 632 823 724 848; x_wconf 83' lang='lat' dir='ltr'>cave</span> <span class='ocrx_word' id='word_1_81' title='bbox 738 809 869 848; x_wconf 86' lang='lat' dir='ltr'>miseri</span> <span class='ocrx_word' id='word_1_82' title='bbox 882 810 1047 848; x_wconf 90' lang='lat' dir='ltr'>hominis</span> <span class='ocrx_word' id='word_1_83' title='bbox 1062 811 1218 848; x_wconf 88' lang='lat' dir='ltr'>auribus</span> <span class='ocrx_word' id='word_1_84' title='bbox 1231 823 1382 860; x_wconf 86' lang='lat' dir='ltr'>parcas;</span> 
     </span>
     <span class='ocr_line' id='line_1_12' title="bbox 44 872 1385 923; baseline 0 -13"><span class='ocrx_word' id='word_1_85' title='bbox 44 872 162 910; x_wconf 84' lang='lat' dir='ltr'>didici</span> <span class='ocrx_word' id='word_1_86' title='bbox 181 873 283 911; x_wconf 90' lang='lat' dir='ltr'>enim</span> <span class='ocrx_word' id='word_1_87' title='bbox 303 886 386 911; x_wconf 88' lang='lat' dir='ltr'>esse</span> <span class='ocrx_word' id='word_1_88' title='bbox 405 873 560 922; x_wconf 69' lang='lat' dir='ltr'>infelix,</span> <span class='ocrx_word' id='word_1_89' title='bbox 582 878 621 910; x_wconf 93' lang='lat' dir='ltr'>et</span> <span class='ocrx_word' id='word_1_90' title='bbox 637 874 739 923; x_wconf 69' lang='lat' dir='ltr'>saepe</span> <span class='ocrx_word' id='word_1_91' title='bbox 752 872 983 910; x_wconf 82' lang='lat' dir='ltr'>calamitatis</span> <span class='ocrx_word' id='word_1_92' title='bbox 1002 872 1181 911; x_wconf 92' lang='lat' dir='ltr'>solatium</span> <span class='ocrx_word' id='word_1_93' title='bbox 1201 876 1385 921; x_wconf 37' lang='lat' dir='ltr'>est-nOssc</span> 
     </span>
     <span class='ocr_line' id='line_1_13' title="bbox 44 935 1384 987; baseline 0.001 -15"><span class='ocrx_word' id='word_1_94' title='bbox 44 941 187 974; x_wconf 81' lang='lat' dir='ltr'>sortem</span> <span class='ocrx_word' id='word_1_95' title='bbox 217 949 336 974; x_wconf 88' lang='lat' dir='ltr'>suam.</span> <span class='ocrx_word' id='word_1_96' title='bbox 393 936 511 984; x_wconf 78' lang='lat' dir='ltr'>Num,</span> <span class='ocrx_word' id='word_1_97' title='bbox 531 935 635 987; x_wconf 89' lang='lat' dir='ltr'>quod</span> <span class='ocrx_word' id='word_1_98' title='bbox 663 936 828 973; x_wconf 77' lang='lat' dir='ltr'>maxime</span> <span class='ocrx_word' id='word_1_99' title='bbox 859 935 1043 986; x_wconf 87' lang='lat' dir='ltr'>suspicor,</span> <span class='ocrx_word' id='word_1_100' title='bbox 1064 941 1102 973; x_wconf 84' lang='lat' dir='ltr'>et</span> <span class='ocrx_word' id='word_1_101' title='bbox 1120 935 1226 987; x_wconf 90' lang='lat' dir='ltr'>loqui</span> <span class='ocrx_word' id='word_1_102' title='bbox 1255 936 1384 983; x_wconf 91' lang='lat' dir='ltr'>timeo,</span> 
     </span>
     <span class='ocr_line' id='line_1_14' title="bbox 45 998 1385 1049; baseline 0 -13"><span class='ocrx_word' id='word_1_103' title='bbox 45 998 254 1037; x_wconf 58' lang='lat' dir='ltr'>“ludibria</span> <span class='ocrx_word' id='word_1_104' title='bbox 285 1011 459 1036; x_wconf 90' lang='lat' dir='ltr'>meorum</span> <span class='ocrx_word' id='word_1_105' title='bbox 490 999 742 1036; x_wconf 86' lang='lat' dir='ltr'>nunciaturus</span> <span class='ocrx_word' id='word_1_106' title='bbox 759 1011 814 1036; x_wconf 87' lang='lat' dir='ltr'>-cs</span> <span class='ocrx_word' id='word_1_107' title='bbox 846 999 955 1047; x_wconf 89' lang='lat' dir='ltr'>mihi,</span> <span class='ocrx_word' id='word_1_108' title='bbox 975 1004 1015 1036; x_wconf 90' lang='lat' dir='ltr'>et</span> <span class='ocrx_word' id='word_1_109' title='bbox 1043 999 1103 1047; x_wconf 92' lang='lat' dir='ltr'>(ut</span> <span class='ocrx_word' id='word_1_110' title='bbox 1135 998 1263 1049; x_wconf 87' lang='lat' dir='ltr'>credo)</span> <span class='ocrx_word' id='word_1_111' title='bbox 1292 999 1385 1049; x_wconf 88' lang='lat' dir='ltr'>ipsis</span> 
     </span>
     <span class='ocr_line' id='line_1_15' title="bbox 42 1060 1386 1113; baseline 0 -14"><span class='ocrx_word' id='word_1_112' title='bbox 42 1074 193 1113; x_wconf 89' lang='lat' dir='ltr'>quoque</span> <span class='ocrx_word' id='word_1_113' title='bbox 212 1061 315 1099; x_wconf 91' lang='lat' dir='ltr'>omni</span> <span class='ocrx_word' id='word_1_114' title='bbox 332 1061 510 1113; x_wconf 81' lang='lat' dir='ltr'>graviora</span> <span class='ocrx_word' id='word_1_115' title='bbox 525 1060 713 1111; x_wconf 85' lang='lat' dir='ltr'>supplicio</span> <span class='ocrx_word' id='word_1_116' title='bbox 727 1060 744 1098; x_wconf 72' lang='lat'>‘3</span> <span class='ocrx_word' id='word_1_117' title='bbox 756 1062 778 1080; x_wconf 82' lang='lat'>’²</span> <span class='ocrx_word' id='word_1_118' title='bbox 834 1061 901 1098; x_wconf 90' lang='lat' dir='ltr'>Ad</span> <span class='ocrx_word' id='word_1_119' title='bbox 915 1061 996 1099; x_wconf 84' lang='lat' dir='ltr'>haec</span> <span class='ocrx_word' id='word_1_120' title='bbox 1013 1061 1191 1111; x_wconf 73' lang='lat' dir='ltr'>Tyriotes</span> <span class='ocrx_word' id='word_1_121' title='bbox 1206 1074 1214 1099; x_wconf 90' lang='lat'><strong>:</strong></span> <span class='ocrx_word' id='word_1_122' title='bbox 1235 1065 1256 1082; x_wconf 70' lang='lat'>‘⁴</span> <span class='ocrx_word' id='word_1_123' title='bbox 1270 1061 1386 1100; x_wconf 85' lang='lat' dir='ltr'>Istud</span> 
     </span>
     <span class='ocr_line' id='line_1_16' title="bbox 42 1122 1384 1176; baseline 0 -14"><span class='ocrx_word' id='word_1_124' title='bbox 42 1124 197 1176; x_wconf 87' lang='lat' dir='ltr'>quidem</span> <span class='ocrx_word' id='word_1_125' title='bbox 223 1124 360 1175; x_wconf 87' lang='lat' dir='ltr'>procul</span> <span class='ocrx_word' id='word_1_126' title='bbox 387 1123 533 1172; x_wconf 86' lang='lat' dir='ltr'>abest,⁷‘</span> <span class='ocrx_word' id='word_1_127' title='bbox 553 1124 691 1175; x_wconf 85' lang='lat' dir='ltr'>inquit.</span> <span class='ocrx_word' id='word_1_128' title='bbox 748 1124 769 1144; x_wconf 89' lang='lat'><strong>“</strong></span> <span class='ocrx_word' id='word_1_129' title='bbox 785 1124 809 1142; x_wconf 78' lang='lat'>²⁹</span> <span class='ocrx_word' id='word_1_130' title='bbox 824 1122 1164 1175; x_wconf 81' lang='lat' dir='ltr'>Quantascumque</span> <span class='ocrx_word' id='word_1_131' title='bbox 1191 1125 1291 1162; x_wconf 89' lang='lat' dir='ltr'>enim</span> <span class='ocrx_word' id='word_1_132' title='bbox 1311 1124 1384 1163; x_wconf 88' lang='lat' dir='ltr'>Rc-</span> 
     </span>
     <span class='ocr_line' id='line_1_17' title="bbox 47 1186 1385 1239; baseline 0 -14"><span class='ocrx_word' id='word_1_133' title='bbox 47 1187 149 1238; x_wconf 89' lang='lat' dir='ltr'>ginis</span> <span class='ocrx_word' id='word_1_134' title='bbox 178 1187 299 1225; x_wconf 91' lang='lat' dir='ltr'>honor</span> <span class='ocrx_word' id='word_1_135' title='bbox 329 1187 378 1226; x_wconf 89' lang='lat' dir='ltr'>ab</span> <span class='ocrx_word' id='word_1_136' title='bbox 406 1187 467 1238; x_wconf 90' lang='lat' dir='ltr'>iis,</span> <span class='ocrx_word' id='word_1_137' title='bbox 485 1187 552 1239; x_wconf 90' lang='lat' dir='ltr'>qui</span> <span class='ocrx_word' id='word_1_138' title='bbox 580 1191 730 1238; x_wconf 85' lang='lat' dir='ltr'>parent,</span> <span class='ocrx_word' id='word_1_139' title='bbox 757 1186 891 1224; x_wconf 86' lang='lat' dir='ltr'>haberi</span> <span class='ocrx_word' id='word_1_140' title='bbox 922 1191 1063 1238; x_wconf 86' lang='lat' dir='ltr'>potest,</span> <span class='ocrx_word' id='word_1_141' title='bbox 1083 1187 1163 1225; x_wconf 79' lang='lat' dir='ltr'>tuis</span> <span class='ocrx_word' id='word_1_142' title='bbox 1190 1201 1213 1225; x_wconf 87' lang='lat' dir='ltr'>a</span> <span class='ocrx_word' id='word_1_143' title='bbox 1239 1188 1385 1225; x_wconf 76' lang='lat' dir='ltr'>victore</span> 
     </span>
     <span class='ocr_line' id='line_1_18' title="bbox 43 1250 1385 1301; baseline -0.001 -12"><span class='ocrx_word' id='word_1_144' title='bbox 43 1255 219 1289; x_wconf 80' lang='lat' dir='ltr'>servatus</span> <span class='ocrx_word' id='word_1_145' title='bbox 237 1259 320 1290; x_wconf 84' lang='lat' dir='ltr'>est:</span> <span class='ocrx_word' id='word_1_146' title='bbox 350 1250 419 1288; x_wconf 90' lang='lat' dir='ltr'>sed</span> <span class='ocrx_word' id='word_1_147' title='bbox 437 1263 534 1289; x_wconf 90' lang='lat' dir='ltr'>uxor</span> <span class='ocrx_word' id='word_1_148' title='bbox 551 1254 619 1288; x_wconf 87' lang='lat' dir='ltr'>tua</span> <span class='ocrx_word' id='word_1_149' title='bbox 637 1250 752 1301; x_wconf 74' lang='lat' dir='ltr'>paulo</span> <span class='ocrx_word' id='word_1_150' title='bbox 771 1250 861 1288; x_wconf 76' lang='lat' dir='ltr'>ante</span> <span class='ocrx_word' id='word_1_151' title='bbox 882 1250 1048 1288; x_wconf 83' lang='lat' dir='ltr'>excessit</span> <span class='ocrx_word' id='word_1_152' title='bbox 1067 1263 1088 1288; x_wconf 90' lang='lat' dir='ltr'>e</span> <span class='ocrx_word' id='word_1_153' title='bbox 1105 1251 1227 1289; x_wconf 53' lang='lat' dir='ltr'>vitaff’</span> <span class='ocrx_word' id='word_1_154' title='bbox 1285 1250 1385 1288; x_wconf 89' lang='lat' dir='ltr'>Tum</span> 
     </span>
     <span class='ocr_line' id='line_1_19' title="bbox 46 1312 1384 1365; baseline -0.001 -13"><span class='ocrx_word' id='word_1_155' title='bbox 46 1315 133 1352; x_wconf 79' lang='lat' dir='ltr'>vero</span> <span class='ocrx_word' id='word_1_156' title='bbox 151 1327 227 1352; x_wconf 94' lang='lat' dir='ltr'>non</span> <span class='ocrx_word' id='word_1_157' title='bbox 245 1313 411 1365; x_wconf 83' lang='lat' dir='ltr'>gemitus</span> <span class='ocrx_word' id='word_1_158' title='bbox 429 1313 554 1362; x_wconf 79' lang='lat' dir='ltr'>modo,</span> <span class='ocrx_word' id='word_1_159' title='bbox 575 1313 644 1351; x_wconf 88' lang='lat' dir='ltr'>sed</span> <span class='ocrx_word' id='word_1_160' title='bbox 663 1313 780 1351; x_wconf 89' lang='lat' dir='ltr'>etiam</span> <span class='ocrx_word' id='word_1_161' title='bbox 806 1312 975 1363; x_wconf 86' lang='lat' dir='ltr'>ejulatus</span> <span class='ocrx_word' id='word_1_162' title='bbox 994 1313 1089 1352; x_wconf 89' lang='lat' dir='ltr'>totis</span> <span class='ocrx_word' id='word_1_163' title='bbox 1116 1314 1254 1351; x_wconf 87' lang='lat' dir='ltr'>castris</span> <span class='ocrx_word' id='word_1_164' title='bbox 1273 1326 1384 1352; x_wconf 90' lang='lat' dir='ltr'>exau-</span> 
     </span>
     <span class='ocr_line' id='line_1_20' title="bbox 44 1376 1386 1429; baseline 0 -14"><span class='ocrx_word' id='word_1_165' title='bbox 44 1377 258 1416; x_wconf 86' lang='lat' dir='ltr'>diebantur.</span> <span class='ocrx_word' id='word_1_166' title='bbox 316 1377 355 1416; x_wconf 84' lang='lat' dir='ltr'>N</span> <span class='ocrx_word' id='word_1_167' title='bbox 357 1390 400 1416; x_wconf 89' lang='lat' dir='ltr'>ec</span> <span class='ocrx_word' id='word_1_168' title='bbox 420 1376 615 1417; x_wconf 72' lang='lat' dir='ltr'>dubitavit</span> <span class='ocrx_word' id='word_1_169' title='bbox 642 1376 798 1424; x_wconf 89' lang='lat' dir='ltr'>Darius,</span> <span class='ocrx_word' id='word_1_170' title='bbox 819 1376 913 1429; x_wconf 90' lang='lat' dir='ltr'>quin</span> <span class='ocrx_word' id='word_1_171' title='bbox 939 1376 1145 1415; x_wconf 86' lang='lat' dir='ltr'>interfecta</span> <span class='ocrx_word' id='word_1_172' title='bbox 1163 1382 1275 1425; x_wconf 87' lang='lat' dir='ltr'>esset,</span> <span class='ocrx_word' id='word_1_173' title='bbox 1295 1377 1386 1429; x_wconf 85' lang='lat' dir='ltr'>quia</span> 
     </span>
     <span class='ocr_line' id='line_1_21' title="bbox 43 1439 1386 1493; baseline -0.001 -14"><span class='ocrx_word' id='word_1_174' title='bbox 43 1442 238 1493; x_wconf 76' lang='lat' dir='ltr'>nequisset</span> <span class='ocrx_word' id='word_1_175' title='bbox 249 1440 517 1479; x_wconf 88' lang='lat' dir='ltr'>contumeliam</span> <span class='ocrx_word' id='word_1_176' title='bbox 528 1440 611 1491; x_wconf 89' lang='lat' dir='ltr'>pati</span> <span class='ocrx_word' id='word_1_177' title='bbox 625 1454 632 1477; x_wconf 92' lang='lat'>:</span> <span class='ocrx_word' id='word_1_178' title='bbox 654 1439 917 1491; x_wconf 81' lang='lat' dir='ltr'>exclamatque</span> <span class='ocrx_word' id='word_1_179' title='bbox 931 1453 1059 1478; x_wconf 87' lang='lat' dir='ltr'>amens</span> <span class='ocrx_word' id='word_1_180' title='bbox 1072 1440 1203 1478; x_wconf 89' lang='lat' dir='ltr'>dolore</span> <span class='ocrx_word' id='word_1_181' title='bbox 1218 1453 1226 1478; x_wconf 90' lang='lat'>:</span> <span class='ocrx_word' id='word_1_182' title='bbox 1248 1439 1386 1486; x_wconf 81' lang='lat' dir='ltr'>“Quod</span> 
     </span>
     <span class='ocr_line' id='line_1_22' title="bbox 43 1502 1386 1555; baseline -0.001 -13"><span class='ocrx_word' id='word_1_183' title='bbox 43 1517 112 1555; x_wconf 85' lang='lat' dir='ltr'>ego</span> <span class='ocrx_word' id='word_1_184' title='bbox 131 1509 283 1543; x_wconf 90' lang='lat' dir='ltr'>tantum</span> <span class='ocrx_word' id='word_1_185' title='bbox 311 1504 419 1542; x_wconf 85' lang='lat' dir='ltr'>nefas</span> <span class='ocrx_word' id='word_1_186' title='bbox 438 1503 624 1551; x_wconf 87' lang='lat' dir='ltr'>commisi,</span> <span class='ocrx_word' id='word_1_187' title='bbox 646 1503 872 1541; x_wconf 79' lang='lat' dir='ltr'>Alexander</span> <span class='ocrx_word' id='word_1_188' title='bbox 886 1503 905 1541; x_wconf 80' lang='lat'>⁴?</span> <span class='ocrx_word' id='word_1_189' title='bbox 960 1502 1083 1549; x_wconf 89' lang='lat' dir='ltr'>Quem</span> <span class='ocrx_word' id='word_1_190' title='bbox 1115 1508 1273 1542; x_wconf 86' lang='lat' dir='ltr'>tuorum</span> <span class='ocrx_word' id='word_1_191' title='bbox 1303 1516 1386 1554; x_wconf 90' lang='lat' dir='ltr'>pro-</span> 
     </span>
     <span class='ocr_line' id='line_1_23' title="bbox 42 1565 1386 1621; baseline -0.001 -16"><span class='ocrx_word' id='word_1_192' title='bbox 42 1568 271 1618; x_wconf 89' lang='lat' dir='ltr'>pinquorum</span> <span class='ocrx_word' id='word_1_193' title='bbox 305 1567 451 1614; x_wconf 83' lang='lat' dir='ltr'>necavi,</span> <span class='ocrx_word' id='word_1_194' title='bbox 479 1567 508 1584; x_wconf 84' lang='lat'>&#39;⁰</span> <span class='ocrx_word' id='word_1_195' title='bbox 520 1570 567 1603; x_wconf 88' lang='lat' dir='ltr'>ut</span> <span class='ocrx_word' id='word_1_196' title='bbox 601 1565 698 1604; x_wconf 89' lang='lat' dir='ltr'>hanc</span> <span class='ocrx_word' id='word_1_197' title='bbox 728 1565 850 1603; x_wconf 83' lang='lat' dir='ltr'>vicem</span> <span class='ocrx_word' id='word_1_198' title='bbox 887 1565 1048 1621; x_wconf 77' lang='lat' dir='ltr'>saevitiae</span> <span class='ocrx_word' id='word_1_199' title='bbox 1084 1579 1180 1604; x_wconf 85' lang='lat' dir='ltr'>meae</span> <span class='ocrx_word' id='word_1_200' title='bbox 1215 1566 1355 1604; x_wconf 89' lang='lat' dir='ltr'>reddas</span> <span class='ocrx_word' id='word_1_201' title='bbox 1368 1566 1386 1603; x_wconf 71' lang='lat'>‘3</span> 
     </span>
     <span class='ocr_line' id='line_1_24' title="bbox 46 1629 1386 1682; baseline -0.002 -11"><span class='ocrx_word' id='word_1_202' title='bbox 46 1632 178 1673; x_wconf 87' lang='lat' dir='ltr'>Odisti</span> <span class='ocrx_word' id='word_1_203' title='bbox 192 1645 263 1682; x_wconf 90' lang='lat' dir='ltr'>me,</span> <span class='ocrx_word' id='word_1_204' title='bbox 273 1644 349 1670; x_wconf 92' lang='lat' dir='ltr'>non</span> <span class='ocrx_word' id='word_1_205' title='bbox 363 1630 520 1682; x_wconf 90' lang='lat' dir='ltr'>quidem</span> <span class='ocrx_word' id='word_1_206' title='bbox 537 1634 778 1681; x_wconf 83' lang='lat' dir='ltr'>provocatus.</span> <span class='ocrx_word' id='word_1_207' title='bbox 836 1629 915 1668; x_wconf 86' lang='lat' dir='ltr'>Sed</span> <span class='ocrx_word' id='word_1_208' title='bbox 933 1629 1031 1680; x_wconf 86' lang='lat' dir='ltr'>finge</span> <span class='ocrx_word' id='word_1_209' title='bbox 1048 1631 1196 1679; x_wconf 85' lang='lat' dir='ltr'>justum</span> <span class='ocrx_word' id='word_1_210' title='bbox 1210 1630 1386 1668; x_wconf 86' lang='lat' dir='ltr'>intulisse</span> 
     </span>
     <span class='ocr_line' id='line_1_25' title="bbox 43 1691 1386 1744; baseline -0.003 -10"><span class='ocrx_word' id='word_1_211' title='bbox 43 1701 82 1734; x_wconf 83' lang='lat' dir='ltr'>te</span> <span class='ocrx_word' id='word_1_212' title='bbox 110 1695 276 1734; x_wconf 86' lang='lat' dir='ltr'>bellum:</span> <span class='ocrx_word' id='word_1_213' title='bbox 315 1697 400 1732; x_wconf 76' lang='lat' dir='ltr'>cum</span> <span class='ocrx_word' id='word_1_214' title='bbox 428 1693 596 1733; x_wconf 86' lang='lat' dir='ltr'>foeminis</span> <span class='ocrx_word' id='word_1_215' title='bbox 625 1694 716 1744; x_wconf 72' lang='lat' dir='ltr'>ergo</span> <span class='ocrx_word' id='word_1_216' title='bbox 745 1705 858 1744; x_wconf 80' lang='lat' dir='ltr'>agere</span> <span class='ocrx_word' id='word_1_217' title='bbox 895 1691 1148 1731; x_wconf 81' lang='lat' dir='ltr'>debueras?”</span> <span class='ocrx_word' id='word_1_218' title='bbox 1205 1692 1386 1743; x_wconf 82' lang='lat' dir='ltr'>Tyriotes</span> 
     </span>
     <span class='ocr_line' id='line_1_26' title="bbox 19 1755 1386 1808; baseline -0.004 -10"><span class='ocrx_word' id='word_1_219' title='bbox 19 1759 230 1808; x_wconf 63' lang='lat' dir='ltr'>,affirmare</span> <span class='ocrx_word' id='word_1_220' title='bbox 257 1770 327 1808; x_wconf 90' lang='lat' dir='ltr'>per</span> <span class='ocrx_word' id='word_1_221' title='bbox 347 1757 451 1796; x_wconf 86' lang='lat' dir='ltr'>Deos</span> <span class='ocrx_word' id='word_1_222' title='bbox 470 1757 630 1808; x_wconf 87' lang='lat' dir='ltr'>patrios,</span> <span class='ocrx_word' id='word_1_223' title='bbox 649 1755 749 1794; x_wconf 86' lang='lat' dir='ltr'>nihil</span> <span class='ocrx_word' id='word_1_224' title='bbox 768 1756 809 1793; x_wconf 88' lang='lat' dir='ltr'>in</span> <span class='ocrx_word' id='word_1_225' title='bbox 828 1769 912 1794; x_wconf 86' lang='lat' dir='ltr'>eam</span> <span class='ocrx_word' id='word_1_226' title='bbox 940 1756 1095 1807; x_wconf 73' lang='lat' dir='ltr'>gravius</span> <span class='ocrx_word' id='word_1_227' title='bbox 1124 1768 1207 1794; x_wconf 88' lang='lat' dir='ltr'>esse</span> <span class='ocrx_word' id='word_1_228' title='bbox 1237 1755 1386 1793; x_wconf 87' lang='lat' dir='ltr'>consul-</span> 
     </span>
     <span class='ocr_line' id='line_1_27' title="bbox 42 1819 1385 1874; baseline -0.003 -14"><span class='ocrx_word' id='word_1_229' title='bbox 42 1828 136 1860; x_wconf 91' lang='lat' dir='ltr'>tum.</span> <span class='ocrx_word' id='word_1_230' title='bbox 193 1821 436 1874; x_wconf 87' lang='lat' dir='ltr'>Ingemuisse</span> <span class='ocrx_word' id='word_1_231' title='bbox 465 1821 585 1859; x_wconf 86' lang='lat' dir='ltr'>etiam</span> <span class='ocrx_word' id='word_1_232' title='bbox 615 1819 886 1858; x_wconf 85' lang='lat' dir='ltr'>Alexandrum</span> <span class='ocrx_word' id='word_1_233' title='bbox 915 1819 1042 1867; x_wconf 90' lang='lat' dir='ltr'>morti,</span> <span class='ocrx_word' id='word_1_234' title='bbox 1063 1823 1103 1857; x_wconf 91' lang='lat' dir='ltr'>et</span> <span class='ocrx_word' id='word_1_235' title='bbox 1121 1832 1198 1857; x_wconf 92' lang='lat' dir='ltr'>non</span> <span class='ocrx_word' id='word_1_236' title='bbox 1229 1819 1385 1869; x_wconf 81' lang='lat' dir='ltr'>parcius</span> 
     </span>
     <span class='ocr_line' id='line_1_28' title="bbox 42 1882 1386 1937; baseline -0.003 -12"><span class='ocrx_word' id='word_1_237' title='bbox 42 1885 202 1934; x_wconf 79' lang='lat' dir='ltr'>flevisse,</span> <span class='ocrx_word' id='word_1_238' title='bbox 215 1885 334 1937; x_wconf 70' lang='lat' dir='ltr'>quam</span> <span class='ocrx_word' id='word_1_239' title='bbox 352 1885 435 1936; x_wconf 88' lang='lat' dir='ltr'>ipse</span> <span class='ocrx_word' id='word_1_240' title='bbox 454 1883 696 1935; x_wconf 79' lang='lat' dir='ltr'>lacrymaret.</span> <span class='ocrx_word' id='word_1_241' title='bbox 757 1882 821 1923; x_wconf 92' lang='lat' dir='ltr'>Ob</span> <span class='ocrx_word' id='word_1_242' title='bbox 839 1883 921 1921; x_wconf 85' lang='lat' dir='ltr'>haec</span> <span class='ocrx_word' id='word_1_243' title='bbox 941 1883 1036 1934; x_wconf 89' lang='lat' dir='ltr'>ipsa,</span> <span class='ocrx_word' id='word_1_244' title='bbox 1053 1883 1217 1920; x_wconf 87' lang='lat' dir='ltr'>amantis</span> <span class='ocrx_word' id='word_1_245' title='bbox 1236 1883 1386 1921; x_wconf 86' lang='lat' dir='ltr'>animus</span> 
     </span>
     <span class='ocr_line' id='line_1_29' title="bbox 42 1945 1386 1999; baseline -0.003 -12"><span class='ocrx_word' id='word_1_246' title='bbox 42 1949 83 1987; x_wconf 92' lang='lat' dir='ltr'>in</span> <span class='ocrx_word' id='word_1_247' title='bbox 101 1948 400 1988; x_wconf 81' lang='lat' dir='ltr'>sollicitudiuem</span> <span class='ocrx_word' id='word_1_248' title='bbox 427 1947 758 1999; x_wconf 88' lang='lat' dir='ltr'>suspicionemque</span> <span class='ocrx_word' id='word_1_249' title='bbox 776 1946 976 1985; x_wconf 80' lang='lat' dir='ltr'>revolutus</span> <span class='ocrx_word' id='word_1_250' title='bbox 1000 1951 1081 1984; x_wconf 89' lang='lat' dir='ltr'>est:</span> <span class='ocrx_word' id='word_1_251' title='bbox 1110 1947 1136 1964; x_wconf 76' lang='lat'>²¹</span> <span class='ocrx_word' id='word_1_252' title='bbox 1151 1945 1386 1984; x_wconf 87' lang='lat' dir='ltr'>desiderium</span> 
     </span>
     <span class='ocr_line' id='line_1_30' title="bbox 43 2008 1383 2063; baseline -0.002 -14"><span class='ocrx_word' id='word_1_253' title='bbox 43 2011 206 2062; x_wconf 82' lang='lat' dir='ltr'>captivae</span> <span class='ocrx_word' id='word_1_254' title='bbox 222 2011 397 2063; x_wconf 75' lang='lat' dir='ltr'>profecto</span> <span class='ocrx_word' id='word_1_255' title='bbox 417 2024 441 2049; x_wconf 87' lang='lat' dir='ltr'>a</span> <span class='ocrx_word' id='word_1_256' title='bbox 458 2008 733 2050; x_wconf 86' lang='lat' dir='ltr'>consuetudine</span> <span class='ocrx_word' id='word_1_257' title='bbox 753 2010 879 2060; x_wconf 85' lang='lat' dir='ltr'>stupri</span> <span class='ocrx_word' id='word_1_258' title='bbox 906 2015 1034 2048; x_wconf 91' lang='lat' dir='ltr'>ortum</span> <span class='ocrx_word' id='word_1_259' title='bbox 1052 2021 1135 2046; x_wconf 88' lang='lat' dir='ltr'>esse</span> <span class='ocrx_word' id='word_1_260' title='bbox 1155 2010 1383 2059; x_wconf 84' lang='lat' dir='ltr'>conjectans.</span> 
     </span>
     <span class='ocr_line' id='line_1_31' title="bbox 44 2071 1386 2126; baseline -0.002 -14"><span class='ocrx_word' id='word_1_261' title='bbox 44 2073 241 2112; x_wconf 85' lang='lat' dir='ltr'>Submotis</span> <span class='ocrx_word' id='word_1_262' title='bbox 267 2074 390 2126; x_wconf 86' lang='lat' dir='ltr'>igitur</span> <span class='ocrx_word' id='word_1_263' title='bbox 416 2073 587 2121; x_wconf 80' lang='lat' dir='ltr'>arbitris,</span> <span class='ocrx_word' id='word_1_264' title='bbox 611 2085 689 2110; x_wconf 87' lang='lat' dir='ltr'>uno</span> <span class='ocrx_word' id='word_1_265' title='bbox 716 2071 908 2110; x_wconf 86' lang='lat' dir='ltr'>duntaxat</span> <span class='ocrx_word' id='word_1_266' title='bbox 940 2071 1098 2122; x_wconf 77' lang='lat' dir='ltr'>Tyriote</span> <span class='ocrx_word' id='word_1_267' title='bbox 1126 2076 1289 2118; x_wconf 88' lang='lat' dir='ltr'>retento,</span> <span class='ocrx_word' id='word_1_268' title='bbox 1305 2073 1386 2121; x_wconf 86' lang='lat' dir='ltr'>jam</span> 
     </span>
     <span class='ocr_line' id='line_1_32' title="bbox 44 2133 1385 2186; baseline -0.002 -12"><span class='ocrx_word' id='word_1_269' title='bbox 44 2149 119 2174; x_wconf 92' lang='lat' dir='ltr'>non</span> <span class='ocrx_word' id='word_1_270' title='bbox 135 2136 242 2185; x_wconf 87' lang='lat' dir='ltr'>flens,</span> <span class='ocrx_word' id='word_1_271' title='bbox 261 2136 330 2175; x_wconf 90' lang='lat' dir='ltr'>sed</span> <span class='ocrx_word' id='word_1_272' title='bbox 348 2136 568 2186; x_wconf 87' lang='lat' dir='ltr'>suspirans:</span> <span class='ocrx_word' id='word_1_273' title='bbox 599 2137 620 2156; x_wconf 73' lang='lat'>‘²</span> <span class='ocrx_word' id='word_1_274' title='bbox 635 2134 845 2183; x_wconf 89' lang='lat' dir='ltr'>Videsne,’&#39;</span> <span class='ocrx_word' id='word_1_275' title='bbox 873 2134 1012 2186; x_wconf 87' lang='lat' dir='ltr'>inquit,</span> <span class='ocrx_word' id='word_1_276' title='bbox 1033 2135 1054 2155; x_wconf 74' lang='lat'>‘³</span> <span class='ocrx_word' id='word_1_277' title='bbox 1068 2134 1239 2185; x_wconf 77' lang='lat' dir='ltr'>Tyriote,</span> <span class='ocrx_word' id='word_1_278' title='bbox 1259 2133 1385 2172; x_wconf 90' lang='lat' dir='ltr'>locum</span> 
     </span>
     <span class='ocr_line' id='line_1_33' title="bbox 45 2197 1385 2248; baseline -0.002 -11"><span class='ocrx_word' id='word_1_279' title='bbox 45 2198 241 2237; x_wconf 82' lang='lat' dir='ltr'>mendacio</span> <span class='ocrx_word' id='word_1_280' title='bbox 258 2211 336 2237; x_wconf 92' lang='lat' dir='ltr'>non</span> <span class='ocrx_word' id='word_1_281' title='bbox 354 2211 437 2237; x_wconf 86' lang='lat' dir='ltr'>esse</span> <span class='ocrx_word' id='word_1_282' title='bbox 451 2198 469 2235; x_wconf 78' lang='lat'>⁴?</span> <span class='ocrx_word' id='word_1_283' title='bbox 525 2197 734 2236; x_wconf 86' lang='lat' dir='ltr'>Tormenta</span> <span class='ocrx_word' id='word_1_284' title='bbox 757 2199 838 2248; x_wconf 85' lang='lat' dir='ltr'>jam</span> <span class='ocrx_word' id='word_1_285' title='bbox 857 2197 920 2235; x_wconf 74' lang='lat' dir='ltr'>hIc</span> <span class='ocrx_word' id='word_1_286' title='bbox 940 2201 1074 2235; x_wconf 88' lang='lat' dir='ltr'>erunt:</span> <span class='ocrx_word' id='word_1_287' title='bbox 1104 2197 1172 2235; x_wconf 86' lang='lat' dir='ltr'>sed</span> <span class='ocrx_word' id='word_1_288' title='bbox 1189 2210 1237 2235; x_wconf 91' lang='lat' dir='ltr'>ne</span> <span class='ocrx_word' id='word_1_289' title='bbox 1257 2209 1385 2246; x_wconf 85' lang='lat' dir='ltr'>expec-</span> 
     </span>
     <span class='ocr_line' id='line_1_34' title="bbox 46 2260 1385 2312; baseline -0.003 -12"><span class='ocrx_word' id='word_1_290' title='bbox 46 2261 186 2300; x_wconf 74' lang='lat' dir='ltr'>taveris</span> <span class='ocrx_word' id='word_1_291' title='bbox 204 2261 231 2279; x_wconf 75' lang='lat'>&#39;²</span> <span class='ocrx_word' id='word_1_292' title='bbox 243 2274 311 2312; x_wconf 87' lang='lat' dir='ltr'>per</span> <span class='ocrx_word' id='word_1_293' title='bbox 330 2261 444 2310; x_wconf 87' lang='lat' dir='ltr'>Deos,</span> <span class='ocrx_word' id='word_1_294' title='bbox 464 2261 497 2298; x_wconf 80' lang='lat' dir='ltr'>si</span> <span class='ocrx_word' id='word_1_295' title='bbox 515 2260 609 2312; x_wconf 89' lang='lat' dir='ltr'>quid</span> <span class='ocrx_word' id='word_1_296' title='bbox 627 2260 685 2298; x_wconf 89' lang='lat' dir='ltr'>tui</span> <span class='ocrx_word' id='word_1_297' title='bbox 703 2260 777 2299; x_wconf 90' lang='lat' dir='ltr'>tibi</span> <span class='ocrx_word' id='word_1_298' title='bbox 795 2260 917 2311; x_wconf 85' lang='lat' dir='ltr'>Regis</span> <span class='ocrx_word' id='word_1_299' title='bbox 936 2260 1163 2299; x_wconf 72' lang='lat' dir='ltr'>reverentia:</span> <span class='ocrx_word' id='word_1_300' title='bbox 1183 2265 1261 2308; x_wconf 84' lang='lat' dir='ltr'>est;</span> <span class='ocrx_word' id='word_1_301' title='bbox 1282 2273 1385 2304; x_wconf 89' lang='lat' dir='ltr'>num,</span> 
     </span>
     <span class='ocr_line' id='line_1_35' title="bbox 45 2322 1386 2377; baseline -0.003 -15"><span class='ocrx_word' id='word_1_302' title='bbox 45 2324 147 2377; x_wconf 76' lang='lat' dir='ltr'>quod</span> <span class='ocrx_word' id='word_1_303' title='bbox 164 2329 203 2362; x_wconf 89' lang='lat' dir='ltr'>et</span> <span class='ocrx_word' id='word_1_304' title='bbox 221 2324 319 2362; x_wconf 89' lang='lat' dir='ltr'>scire</span> <span class='ocrx_word' id='word_1_305' title='bbox 346 2329 497 2374; x_wconf 84' lang='lat' dir='ltr'>expeto,</span> <span class='ocrx_word' id='word_1_306' title='bbox 516 2328 557 2362; x_wconf 88' lang='lat' dir='ltr'>et</span> <span class='ocrx_word' id='word_1_307' title='bbox 573 2336 746 2375; x_wconf 85' lang='lat' dir='ltr'>quaerere</span> <span class='ocrx_word' id='word_1_308' title='bbox 773 2323 907 2374; x_wconf 89' lang='lat' dir='ltr'>pudet,</span> <span class='ocrx_word' id='word_1_309' title='bbox 926 2335 1042 2361; x_wconf 85' lang='lat' dir='ltr'>ausus</span> <span class='ocrx_word' id='word_1_310' title='bbox 1061 2328 1120 2360; x_wconf 89' lang='lat' dir='ltr'>est</span> <span class='ocrx_word' id='word_1_311' title='bbox 1139 2328 1179 2361; x_wconf 90' lang='lat' dir='ltr'>et</span> <span class='ocrx_word' id='word_1_312' title='bbox 1199 2322 1386 2360; x_wconf 82' lang='lat' dir='ltr'>Dominus</span> 
     </span>
     <span class='ocr_line' id='line_1_36' title="bbox 47 2383 1386 2442; baseline -0.004 -16"><span class='ocrx_word' id='word_1_313' title='bbox 47 2393 86 2427; x_wconf 83' lang='lat' dir='ltr'>et</span> <span class='ocrx_word' id='word_1_314' title='bbox 109 2387 327 2438; x_wconf 84' lang='lat' dir='ltr'>juvenis?”</span> <span class='ocrx_word' id='word_1_315' title='bbox 383 2386 459 2425; x_wconf 86' lang='lat' dir='ltr'>Ille</span> <span class='ocrx_word' id='word_1_316' title='bbox 477 2387 717 2439; x_wconf 56' lang='lat' dir='ltr'>”quaestioni</span> <span class='ocrx_word' id='word_1_317' title='bbox 735 2399 873 2438; x_wconf 89' lang='lat' dir='ltr'>corpus</span> <span class='ocrx_word' id='word_1_318' title='bbox 901 2387 1049 2434; x_wconf 83' lang='lat' dir='ltr'>offerre,</span> <span class='ocrx_word' id='word_1_319' title='bbox 1070 2386 1313 2442; x_wconf 46' lang='lat' dir='ltr'>Deosltcstes</span> <span class='ocrx_word' id='word_1_320' title='bbox 1333 2383 1386 2420; x_wconf 91' lang='lat' dir='ltr'>iu·</span> 
     </span>
     <span class='ocr_line' id='line_1_37' title="bbox 50 2447 1386 2500; baseline -0.004 -10"><span class='ocrx_word' id='word_1_321' title='bbox 50 2463 191 2498; x_wconf 61' lang='lat' dir='ltr'>vocare,</span> <span class='ocrx_word' id='word_1_322' title='bbox 208 2451 235 2469; x_wconf 83' lang='lat'>²⁴</span> <span class='ocrx_word' id='word_1_323' title='bbox 247 2452 353 2489; x_wconf 72' lang='lat' dir='ltr'>caste</span> <span class='ocrx_word' id='word_1_324' title='bbox 371 2450 576 2497; x_wconf 70' lang='lat' dir='ltr'>sancteque</span> <span class='ocrx_word' id='word_1_325' title='bbox 594 2449 764 2488; x_wconf 87' lang='lat' dir='ltr'>habitam</span> <span class='ocrx_word' id='word_1_326' title='bbox 779 2463 862 2488; x_wconf 82' lang='lat' dir='ltr'>csse</span> <span class='ocrx_word' id='word_1_327' title='bbox 883 2449 1084 2500; x_wconf 86' lang='lat' dir='ltr'>Reginam.</span> <span class='ocrx_word' id='word_1_328' title='bbox 1142 2447 1326 2492; x_wconf 85' lang='lat' dir='ltr'>Tandem,</span> <span class='ocrx_word' id='word_1_329' title='bbox 1341 2451 1386 2484; x_wconf 80' lang='lat' dir='ltr'>ut</span> 
     </span>
    </p>
   </div>
  </div>
 </body>
</html>
