1583 2680
459 162 622 188 LIBER
660 162 728 187 vr.
771 162 884 187 CAr.
930 161 986 187 11.
1323 149 1391 184 113

54 255 210 294 horrens
229 254 465 306 “peregrinis
493 254 651 293 auribus
680 267 840 292 carmen.
900 253 1011 292 Inter
1040 264 1136 303 quas
1163 264 1278 289 unam
1307 250 1392 288 Rex

53 319 134 370 ipse
154 319 353 369 conspexit
372 319 604 356 moestiorem
623 318 739 370 quam
758 322 925 366 caeteras,
939 321 978 356 et
990 315 1289 367 producentibus
1309 328 1392 351 eam

52 383 266 421 verecunde
300 382 563 430 reluctantem.
624 381 832 420 Excellens
865 385 948 419 erat
983 381 1118 428 forma,
1157 383 1196 416 et
1232 379 1392 416 formam

51 445 175 496 pudor
194 445 431 483 honestabat.
490 445 664 495 Dejectis
684 445 880 483 interram
896 443 1027 492 oculis,
1048 448 1087 481 et
1101 443 1285 494 quantum
1305 441 1391 477 lice-

51 508 129 556 bat,
151 521 215 546 ore
253 508 391 556 velato,
424 508 677 558 suspicionem
707 507 872 558 praebuit
897 507 999 558 Regi
1030 506 1258 544 nobiliorem
1296 516 1390 551 esse,

50 570 167 621 quam
186 576 231 608 ut
250 571 350 609 inter
371 571 588 610 convivales
608 570 719 608 ludos
739 570 897 609 deberet
924 568 1086 608 ostendi.
1144 567 1249 618 Ergo
1279 567 1390 604 inter-

51 638 183 683 rogata
201 647 376 684 quaenam
397 638 507 682 esset,
539 636 560 654 “
580 638 733 684 neptem
753 646 794 671 se
825 632 934 681 Ochi,
951 632 1017 684 qui
1045 644 1169 682 nuper
1195 631 1393 681 regnasset

51 697 89 733 in
110 696 255 744 Persis,
276 697 354 734 filio
374 699 456 747 ejus
484 697 652 747 genitam
680 697 799 744 esse‚’'
827 696 1048 747 respondit;
1077 696 1269 732 “uxorem
1291 693 1392 743 Hys-

50 760 174 810 taspis
193 760 352 798 fuisse.”
409 761 655 811 Propinquus
683 759 746 797 hic
776 759 889 797 Darii
916 760 1066 808 fuerat;
1096 757 1225 808 magni
1253 756 1391 806 etipse

51 822 245 860 exercitiis
267 823 428 861 Praetor.
512 823 655 861 Adhuc
683 823 724 860 in
753 823 878 861 animo
907 822 1028 873 Regis
1056 826 1191 859 tenues
1218 819 1391 870 reliquiae

49 886 205 936 pristini
223 887 339 924 moriS
359 886 564 925 haerebant.
610 886 749 937 Itaque
765 886 958 924 fortunam
977 885 1085 936 regia
1100 884 1218 934 stirpe
1237 883 1390 935 genitae,

51 954 90 986 et
117 954 196 987 tam
224 949 374 988 celebre
402 963 539 987 nomen
558 949 759 997 reveritus,
779 962 856 987 non
885 949 1030 986 dimitti
1058 947 1174 986 modo
1205 946 1392 997 captivam

49 1012 118 1050 sed
137 1013 254 1050 etiam
273 1013 429 1050 restitui
449 1013 484 1050 ei
516 1025 604 1049 suas
624 1025 714 1062 opes
743 1013 883 1062 jussit,
912 1012 1040 1050 virum
1059 1024 1208 1062 quoque
1238 1009 1392 1061 requiri,

48 1080 93 1113 ut
110 1080 264 1126 reperto
284 1077 484 1126 conjugem
511 1075 702 1112 redderet.
761 1074 926 1112 Postero
960 1078 1088 1111 autem
1119 1073 1179 1111 die
1209 1072 1393 1123 praecepit

50 1138 321 1189 Hephaestioni
339 1143 384 1176 ut
403 1150 534 1176 omnes
553 1137 722 1188 captivos
742 1137 782 1174 in
796 1136 941 1188 regiam
957 1136 1114 1186 juberet
1129 1136 1269 1173 adduci
1285 1149 1292 1185 5
1313 1135 1391 1183 ubi,

50 1201 289 1253 singulorum
306 1201 509 1239 nobilitate
530 1203 716 1251 spectata,
736 1200 748 1218 ⁰
763 1199 929 1238 secrevit
947 1199 1106 1251 avulgo,
1123 1211 1285 1250 quorum
1306 1199 1392 1235 emi-

48 1265 164 1304 nebat
181 1277 314 1317 genus.
391 1264 503 1302 Mille
523 1265 563 1302 hi
582 1265 752 1312 fuerunt,
774 1264 876 1302 inter
894 1276 989 1315 quos
1008 1268 1184 1314 repertus
1204 1267 1262 1300 est
1291 1262 1392 1301 Oxa-

49 1328 155 1367 thres
175 1328 286 1366 Darii
304 1327 436 1375 frater,
457 1340 533 1365 non
552 1327 660 1364 illius
687 1327 855 1375 fortuna,
875 1327 995 1378 quam
1024 1326 1156 1364 indole
1187 1325 1305 1363 animi
1334 1324 1393 1361 sui

49 1391 197 1429 clarior.
281 1389 431 1429 XXVI
468 1390 592 1428 millia
627 1389 819 1428 talentum
857 1389 1034 1440 proxima.
1065 1389 1199 1440 praeda
1235 1388 1392 1426 redacta

50 1459 184 1492 crant:
227 1467 248 1492 e
280 1454 390 1505 queis
421 1466 477 1491 ΧΠ
505 1453 630 1491 millia
658 1454 698 1491 in
730 1453 966 1504 congiarium
995 1452 1163 1491 militum
1192 1452 1393 1501 absumpta

51 1522 151 1554 sunt.
209 1517 288 1555 Par
317 1517 405 1554 huie
434 1517 604 1566 pecuniae
625 1529 771 1553 summa
789 1516 991 1554 custodum
1020 1515 1155 1553 fraude
1175 1516 1390 1553 substracta

51 1585 119 1618 est.
148 1604 152 1610 -
179 1579 380 1630 Oxydates
399 1584 482 1616 crat
499 1579 640 1617 nobilis
660 1579 813 1627 Perses,
833 1578 911 1630 qui,
929 1591 965 1619 ,a
993 1578 1111 1616 Dario
1132 1578 1287 1629 capitali
1305 1591 1391 1628 sup-

50 1642 166 1693 plicio
199 1642 425 1690 destinatus,
463 1641 713 1680 cohibebatur
750 1642 790 1679 in
826 1641 1000 1680 vinculis.
1086 1641 1192 1678 Huic
1229 1641 1390 1679 liberato

51 1705 268 1756 Satrapiam
302 1705 446 1743 Mediae
478 1705 680 1753 attribuit;
724 1705 960 1755 fratremque
1001 1703 1111 1742 Darii
1157 1704 1307 1754 recepit
1354 1704 1389 1740 in

50 1767 244 1807 conortem
263 1768 481 1815 amicorum,
502 1768 604 1805 omni
623 1772 788 1806 vetustae
808 1766 994 1805 claritatis
1014 1767 1156 1805 honore
1177 1771 1336 1804 servato.

129 1836 164 1870 5.
195 1832 299 1870 Hine
335 1832 376 1869 in
410 1831 659 1869 Parthienem
690 1835 916 1882 perventum
950 1835 1022 1878 est,
1061 1835 1153 1868 tunc
1187 1830 1392 1881 ignobilem

49 1901 216 1948 gentem,
235 1907 336 1934 nunc
366 1900 482 1946 eaput
501 1895 683 1943 omnium,
704 1895 771 1946 qui
803 1899 891 1945 post
922 1893 1163 1944 Euphratem
1185 1899 1224 1932 et
1245 1893 1392 1944 Tigrim

51 1972 179 1997 amnes
199 1959 276 2007 siti,
295 1957 412 1997 rubro
431 1957 527 1995 mari
557 1958 820 1996 terminantur.
891 1957 1045 2008 Scythae
1075 1957 1270 2008 regionem
1297 1970 1391 1994 eam-

50 2026 220 2073 pestrem
257 2035 300 2060 ac
345 2021 513 2060 fertilem
551 2026 845 2072 occupaverunt,
883 2021 1043 2072 ⁷gravcs
1089 2020 1213 2058 adhuc
1241 2021 1389 2059 accoloe.

53 2085 173 2124 Sedes
204 2085 347 2123 habent
376 2089 415 2123 et
447 2085 487 2122 in
518 2084 688 2135 Europa,
723 2089 762 2122 et
793 2085 832 2122 in
869 2084 979 2122 Asia.
1038 2083 1115 2129 Qui
1146 2096 1260 2135 super
1298 2084 1391 2122 Bos-

51 2148 211 2199 phorum
230 2147 371 2196 colunst,
392 2147 663 2187 adscribuntur
693 2148 812 2186 Asiae.
869 2148 929 2186 At
947 2146 1014 2199 qui
1043 2147 1082 2184 in
1113 2147 1272 2198 Europa
1291 2153 1392 2191 sunt,

51 2225 73 2248 a
91 2211 187 2248 laevo
208 2209 379 2248 Thraciae
396 2210 517 2249 latere
532 2211 581 2248 ad
601 2210 896 2262 Borysthenem,
916 2215 1030 2261 atque
1051 2209 1139 2248 inde
1159 2210 1209 2247 ad
1231 2210 1391 2248 Tanaim

51 2273 168 2310 alium
201 2285 361 2320 amnem,
394 2272 525 2311 'recta
553 2273 670 2325 plaga¹
703 2273 879 2312 attinent.
952 2273 1092 2311 Tanais
1127 2273 1321 2323 Europam
1355 2278 1393 2309 ct

52 2337 189 2375 Asiam
227 2335 376 2374 medius
414 2336 619 2375 interfluit:
660 2351 730 2375 nee
768 2337 968 2376 dubitatur
1005 2337 1097 2388 quin
1137 2337 1290 2386 Scythae
1328 2335 1390 2385 qui

52 2399 219 2438 Parthos
249 2397 467 2446 condidere,
497 2411 572 2436 non
600 2412 622 2436 a
649 2399 861 2450 Bosphoro,
881 2399 949 2438 sed
968 2413 1015 2438 ex
1042 2399 1195 2449 regione
1228 2398 1393 2446 Europa:

50 2462 345 2512 penetraverint.
404 2461 507 2499 Urbs
528 2466 611 2499 erat
630 2463 674 2499 eit
694 2467 922 2513 tempestate
957 2463 1059 2499 clara
1082 2459 1393 2509 IIccczt0771pyl08‚
