1583 2680
464 137 625 163 mann
663 136 995 163 v.0A1‘.V11.
1347 127 1394 165 97

51 228 285 280 Exemplum
306 228 427 280 Regis
442 230 574 268 caeteri
594 229 736 267 imitati
755 233 857 267 sunt.
930 229 1102 268 Tandem
1120 231 1399 280 propemodum

50 293 174 331 invias
194 292 323 343 sylvas
356 293 510 338 emensi,
542 293 699 330 humani
731 292 860 330 cultus
888 305 976 330 rara
993 293 1169 344 vestigia,
1188 298 1227 331 et
1256 295 1398 344 passim

49 360 226 393 errantes
262 368 440 406 pecorum
475 368 611 407 greges
647 357 848 406 reperere:
889 359 929 393 et
965 355 1112 404 incolae,
1151 356 1219 407 qui
1256 357 1398 406 sparsis

48 417 214 468 tuguriis
240 418 477 463 habitabant,
499 419 589 456 cum
621 431 661 456 se
688 418 851 457 callibus
870 418 985 457 inviis
1015 423 1144 469 septos
1173 432 1255 457 esse
1285 420 1397 457 eredi-

49 481 205 530 dissent,
239 486 284 518 ut
315 484 552 532 conspexere
584 481 754 519 hostium
785 494 929 532 agmen,
960 481 984 499 ¹⁴
998 481 1213 520 interfectis
1244 483 1310 533 qui
1343 484 1398 520 fu-

47 545 198 596 gientes
237 544 412 582 comitari
456 558 532 582 non
569 549 757 594 poterant,
797 544 929 582 devios
974 549 1136 595 montes,
1176 549 1214 582 et
1252 545 1397 583 obsitos

51 608 207 646 nivibus
226 608 458 658 petiverunt.
517 607 616 645 Inde
645 621 712 658 per
741 607 932 658 colloquia
951 608 1191 658 captivorum
1211 608 1396 658 paulatim

48 671 201 709 feritate
229 672 421 722 mitigata,
442 670 638 708 tradidere
667 683 706 708 se
735 670 847 722 Regi.
906 671 944 709 N
948 684 989 708 ec
1008 671 1049 709 in
1068 671 1220 709 deditos
1239 672 1396 722 gravius

47 735 276 772 consultum.
352 734 530 772 Vastatis
561 733 700 771 deinde
732 734 834 784 agris
867 733 1055 783 Persidis,
1088 734 1261 785 vicisque
1299 748 1396 772 coni-

48 798 223 848 pluribus
256 797 423 835 redactis
455 798 495 834 in
524 802 766 847 potestatem,
797 801 956 835 ventum
993 802 1053 834 est
1089 797 1129 834 in
1166 797 1396 835 Mardorum

47 866 202 912 gentem
234 861 575 908 bellicosissimam,
611 865 651 897 et
682 860 846 897 multum
882 873 905 897 a
941 860 1093 898 caeteris
1123 860 1255 898 Persis
1287 860 1398 898 cultu

48 924 140 962 vita}
170 924 445 961 abhorrentem.
504 923 648 973 Specus
679 923 719 960 in
750 922 948 961 montibus
977 922 1141 970 fodiunt,
1163 923 1202 960 in
1228 936 1324 974 quos
1344 936 1397 960 se·

48 999 133 1038 que,
155 1000 197 1024 ac
229 988 421 1037 conjuges,
443 990 482 1022 et
511 985 654 1023 liberos
677 986 857 1023 condunt.
915 986 1104 1024 Pecorum
1136 991 1204 1023 aut
1231 986 1396 1024 ferarum

49 1063 159 1087 carne
189 1054 407 1087 vescuntur.
467 1048 567 1086 ¹⁵Ne
599 1048 766 1086 foeminis
793 1048 949 1099 quidem
978 1061 1047 1099 pro
1085 1053 1232 1087 naturae
1263 1049 1397 1087 habitu

51 1112 228 1151 molliora
247 1112 401 1164 ingenia
420 1116 521 1150 sunt.
582 1110 712 1149 Comae
742 1111 961 1161 prominent
991 1111 1115 1159 hirtae,
1135 1112 1256 1149 vestis
1285 1125 1398 1162 super

52 1189 178 1226 genua
214 1180 284 1214 est.
343 1175 483 1213 Funda
515 1174 692 1213 vinciunt
724 1175 910 1212 frontem:
953 1174 1025 1212 hoc
1056 1179 1096 1212 et
1133 1180 1397 1213 ornamentum

50 1239 199 1290 eapitis,
220 1244 259 1276 et
279 1238 400 1276 telum
418 1243 488 1276 est.
547 1237 625 1276 Sed
652 1238 749 1276 hanc
767 1251 919 1289 quoque
938 1242 1092 1289 gentem
1111 1237 1213 1276 idem
1232 1238 1397 1276 fortuna>

50 1303 216 1352 impetus
246 1302 404 1340 domuit.
463 1301 602 1353 Itaque
633 1301 832 1353 trigesimo
863 1301 938 1350 die,
968 1306 1172 1352 postquam
1204 1314 1227 1338 a
1256 1301 1392 1339 Perse-

49 1365 128 1416 poli
146 1366 340 1416 profectus
356 1369 451 1413 erat,
476 1365 611 1402 eodem
629 1365 757 1402 rediit.
815 1364 928 1402 Dona
955 1364 1094 1402 deinde
1115 1364 1248 1402 amieis
1268 1369 1394 1402 caeter-

51 1429 157 1480 isque
176 1442 244 1479 pro
265 1430 450 1480 cujusque
468 1428 606 1466 merito
622 1427 741 1465 dedit.
800 1427 1083 1478 Propemodum
1102 1425 1345 1479 omnia,'quae
1357 1427 1394 1465 in

51 1494 97 1529 ca
115 1491 209 1530 urbe
229 1497 391 1542 ceperat,
412 1491 630 1530 distributa.

130 1553 229 1592 VII.
261 1557 321 1592 22.
354 1553 551 1592 Caeterum
580 1553 754 1604 ingentia
790 1553 907 1590 animi
936 1553 1048 1601 bona,
1078 1553 1187 1590 illam
1216 1553 1394 1602 indolem,

50 1619 127 1668 qua
146 1629 276 1655 omnes
297 1616 425 1666 Reges
445 1615 664 1664 antecessit,
684 1615 791 1652 illam
811 1615 851 1652 in
871 1614 1080 1653 subeundis
1106 1615 1290 1666 periculis
1310 1629 1394 1654 con-

50 1680 244 1728 stantiam,
278 1680 318 1717 in
350 1679 466 1717 rebus
501 1678 731 1716 ¹moliendis
760 1678 1043 1730 efficiendisque
1069 1677 1326 1726 velocitatem,
1354 1678 1396 1716 in

51 1743 201 1782 deditos
230 1742 356 1790 fidem,
388 1742 429 1779 in
463 1742 636 1792 captivos
666 1741 920 1789 clementiam,
949 1741 990 1778 in
1016 1740 1285 1791 voluptatibus
1313 1753 1394 1792 per-

50 1807 176 1845 missis
195 1819 344 1858 quoque
379 1810 419 1843 et
449 1805 607 1843 usitatis
637 1805 943 1855 temperantiam,
971 1804 1076 1842 haud
1105 1803 1298 1842 tolerabili
1314 1804 1396 1842 vini

49 1870 259 1921 cupiditate
289 1869 459 1908 foedavit.
517 1869 530 1887 ²
547 1868 674 1907 Hoste
704 1874 744 1906 et
773 1867 913 1907 aemulo
941 1867 1050 1919 regni
1081 1872 1283 1918 reparante
1312 1872 1394 1905 tum

49 1935 138 1972 eum
167 1933 331 1971 maxime
362 1932 529 1982 bellum3
565 1945 688 1983 nuper
718 1931 900 1980 subactis,
929 1944 1024 1982 quos
1051 1931 1210 1979 vicerat,
1239 1943 1392 1969 novum-

48 2009 123 2048 que
143 1997 348 2047 imperium
366 1996 684 2047 aspernantibus,
715 1995 726 2013 ³
742 1995 789 2033 de
819 1995 880 2033 die
909 1994 1032 2033 inibat
1051 1995 1236 2043 convivia,
1255 1993 1394 2046 quibus

49 2059 212 2098 foeminae
230 2060 450 2108 intererant,
462 2072 538 2098 non
550 2059 706 2111 quidem
725 2071 820 2110 quas
834 2057 970 2096 violari
983 2057 1091 2095 nefas
1107 2063 1232 2096 esset:
1252 2057 1393 2109 quippe

49 2124 62 2141 ⁴
75 2122 242 2173 pellices,
262 2123 442 2162 licentius
472 2124 590 2174 quam
609 2122 769 2161 decebat
796 2135 883 2160 cum
903 2126 1048 2159 armato
1066 2121 1196 2159 vivere
1217 2126 1390 2158 assuetam

50 2186 115 2224 Ex
134 2185 194 2224 his
212 2199 289 2224 una
307 2186 319 2204 ⁵
333 2186 462 2234 Thais,
483 2191 523 2224 et
552 2187 637 2237 ipsa
662 2185 885 2233 temulenta,
906 2185 1114 2223 maximam
1142 2184 1243 2234 apud
1263 2195 1394 2222 omncs

51 2249 207 2288 Graeeos
239 2249 427 2286 initurum
455 2249 616 2300 gratiam
647 2249 819 2297 affirmat,
841 2249 875 2286 si
904 2249 1049 2300 regiam
1080 2247 1289 2286 Persarum
1313 2248 1393 2295 jus-

48 2313 164 2351 sisset
195 2311 367 2350 ineendi:
398 2317 619 2363 exspectare
655 2313 727 2350 hoc
760 2325 840 2361 eos,
879 2325 1043 2364 quorum
1075 2311 1190 2349 urbes
1229 2309 1393 2347 Barbari

49 2376 247 2414 delessent.
335 2375 457 2413 Ebrio
494 2380 620 2414 scorto
654 2376 702 2414 de
749 2378 860 2414 tanta
898 2389 938 2414 re
974 2375 1113 2413 ferenti
1151 2371 1391 2419 sententiam,

48 2452 147 2478 unus
167 2443 206 2477 et
225 2439 333 2487 alter,
355 2443 394 2476 et
413 2438 488 2489 ipsi
515 2451 618 2477 mero
637 2439 785 2477 onerati
804 2439 1076 2477 assentiuntur.
1135 2436 1224 2474 Rex
1243 2447 1392 2486 quoque
