1583 2680
498 176 661 202 mann
698 176 791 202 vr1.
834 176 946 202 CAr.
988 177 1029 202 v.
1364 167 1435 204 157

94 269 254 318 jecerat,
282 267 366 306 init.
422 267 541 307 Utres
559 268 856 320 quamplurimos
886 268 1106 307 stramentis
1133 268 1295 307 refertos
1312 269 1433 307 ''divi-

88 331 156 370 dit.
214 331 290 369 His
308 331 529 369 incubantes
549 336 793 370 transnavere
821 345 991 370 amnem:
1020 332 1157 383 quique
1174 332 1290 383 primi
1308 336 1425 370 trans·

87 394 222 443 ierant,
241 394 281 432 in
308 394 472 444 statione
502 399 620 442 erant,
649 395 739 432 dum
769 395 991 444 trajicerent
1019 395 1157 433 eaeteri.
1216 395 1302 433 Hoc
1320 396 1431 432 modo

86 462 195 494 sexto
216 457 366 495 demum
385 456 446 494 die
464 457 505 494 in
523 457 705 495 ulteriore
723 457 808 508 ripa
829 463 952 495 totum
970 458 1182 496 exereitum
1201 459 1388 508 exposuit.

166 520 227 557 20.
257 519 424 571 Jamque
444 519 491 557 ad
509 519 811 570 persequendum
837 519 1001 558 Bessum
1028 525 1215 558 statuerat
1242 521 1432 572 progredi,

86 582 175 619 cum
202 594 258 630 ea,
277 595 362 633 quae
388 582 429 620 in
457 582 658 633 Sogdianis
687 587 807 631 erant,
825 583 1027 634 cognoscit.
1086 583 1324 634 Spitamenes
1352 590 1432 621 erat

84 643 186 682 inter
206 657 333 683 omnes
353 644 493 683 amieos
511 644 701 695 praeeipuo
720 645 860 683 honore
878 645 1004 683 cultus
1025 658 1048 683 a
1065 645 1197 683 Besso.
1255 645 1332 685 Sed
1351 646 1432 683 nul-

83 705 133 744 lis
150 707 298 744 meritis
317 707 476 757 perfidia
501 707 670 758 mitigari
688 711 838 757 potest:
866 721 951 759 quae
978 713 1106 746 tamen
1129 709 1209 758 jam
1236 708 1366 745 minsis
1394 709 1432 745 in

83 781 128 807 eo
156 769 282 807 invisa
311 782 392 807 esse
410 774 574 820 poterat,
597 771 619 787 ¹⁰
632 770 723 820 quia
750 769 851 807 nihil
879 770 952 808 ulli
969 771 1160 808 nefastum
1186 771 1227 808 in
1254 771 1433 820 Bessum,

83 831 364 870 interfectorem
384 832 506 884 Regis
526 833 597 881 sui,
626 832 840 871 videbatur.
899 834 922 851 ¹¹
939 833 1094 871 Titulus
1106 834 1268 872 facinori
1295 835 1433 885 specio-

83 907 150 932 sus
169 895 451 945 praeferebatur,
483 895 655 933 vindicta
683 895 803 934 Darii.
862 895 939 934 Sed
967 897 1174 945 fortunam,
1194 889 1274 934 non·
1300 897 1433 945 scelus,

83 957 215 994 oderat
233 957 356 995 Bessi.
415 956 516 994 Nam
535 962 580 995 ut
609 957 876 995 Alexandrum
907 958 1047 996 flumen
1076 959 1206 999 Oxum
1234 963 1433 1010 superasse

82 1019 270 1070 cognovit,
302 1019 587 1069 Dataphernem
617 1025 657 1057 et
687 1019 880 1068 Catenem,
910 1021 1049 1072 quibus
1082 1034 1105 1058 a
1130 1021 1250 1060 Besso
1270 1023 1434 1060 maxima

82 1082 175 1120 fides
208 1081 434 1130 habebatur,
467 1082 508 1119 in
545 1082 768 1120 societatem
798 1083 975 1134 cogitatae
1010 1084 1068 1122 rei
1103 1084 1290 1123 adsciscit.
1365 1085 1434 1123 Illi

82 1145 299 1196 promptius
317 1145 470 1194 adeunt,
489 1147 605 1196 quam
625 1145 882 1196 rogabantur;
912 1147 1194 1198 assumptisque
1212 1152 1295 1185 octo
1309 1148 1433 1186 fortis-

83 1208 190 1248 simis
205 1208 422 1258 juvenibus,
444 1209 469 1226 ¹²
484 1208 601 1246 talem
620 1208 750 1246 dolum
767 1208 983 1248 intendunt.
1040 1209 1280 1260 Spitamenes
1306 1210 1434 1261 pergit

84 1271 136 1309 ad
153 1271 329 1320 Bessum,
349 1276 400 1320 et,
419 1272 576 1310 remotis
596 1271 766 1320 arbitris,
787 1271 1022 1322 comperisse,
1043 1273 1108 1321 ait,
1130 1285 1183 1322 se,
1202 1272 1379 1311 insidiari
1397 1273 1432 1310 ei

84 1333 371 1385 Dataphernem
402 1339 442 1372 et
475 1334 668 1383 Catenem,
706 1339 751 1372 ut
788 1334 919 1373 vivum
954 1334 1176 1373 Alexandro
1213 1336 1430 1374 traderent:

86 1397 110 1414 ¹³
120 1397 312 1448 agitantes
331 1410 354 1434 a
373 1402 493 1436 semet
513 1402 714 1448 occupatos
741 1409 835 1446 esse,
856 1402 895 1435 et
921 1397 1072 1436 vinctos
1101 1398 1232 1436 teneri.
1289 1398 1432 1437 Bessus

84 1464 193 1497 tanto
222 1459 358 1498 merito
389 1460 450 1509 (ut
481 1460 674 1510 credebat)
705 1459 910 1511 obligatus,
941 1461 965 1478 ¹¹
978 1462 1121 1511 partim
1157 1461 1302 1512 gratias
1339 1462 1432 1513 agit,

83 1523 225 1570 partim
239 1520 374 1560 avidus
393 1521 571 1572 explendi
586 1521 764 1572 supplicii
778 1522 912 1560 adduci
926 1535 989 1560 eos
1005 1523 1127 1573 jubet.
1162 1523 1243 1572 Illi,
1256 1524 1432 1563 manibus

85 1585 154 1620 sua
184 1589 316 1634 sponte
347 1583 529 1635 religatis,
557 1597 580 1621 a
606 1584 858 1634 participibus
886 1585 1036 1629 consilii
1062 1585 1320 1635 trahebantur,
1339 1600 1433 1638 quos

85 1645 228 1684 Bessus
247 1646 347 1684 truci
366 1647 477 1685 vultu
502 1647 653 1684 intuens
680 1647 884 1698 consurgit,
904 1647 1076 1685 manibus
1103 1660 1178 1685 non
1208 1652 1432 1698 temperatu-

83 1721 160 1747 rus
216 1709 274 1747 At
303 1708 375 1758 illi,
405 1709 649 1747 simulatione
677 1709 830 1758 omissa,
848 1709 1134 1747 circumsistunt
1163 1723 1260 1758 eum,
1281 1716 1319 1748 et
1336 1711 1432 1749 frus-

85 1772 149 1808 tra
181 1777 454 1823 repugnantem
493 1772 677 1821 vinciunt,
710 1772 858 1823 direpto
895 1785 943 1810 ex
978 1772 1103 1823 capite
1130 1773 1240 1824 regni
1270 1773 1431 1825 insigni:

83 1834 324 1886 lacerataque
352 1840 468 1884 veste,
501 1848 615 1887 quam
635 1848 655 1873 e
679 1835 809 1886 spoliis
830 1835 945 1873 occisi
973 1835 1096 1887 Regis
1116 1835 1298 1874 induerat.
1355 1836 1432 1875 Ille

83 1896 184 1936 Deos
209 1898 269 1936 sui
298 1897 452 1937 sceleris
480 1898 625 1937 ultores
655 1898 787 1936 adesse
815 1899 1023 1947 confessus,
1043 1899 1196 1949 adjecit,
1214 1912 1290 1937 non
1309 1899 1430 1938 Dario

86 1961 113 1978 ¹⁵
127 1959 278 2011 iniquos
295 1961 425 2010 fuisse,
444 1951 557 2012 quem
575 1961 629 1999 sie
645 1961 940 2011 ulciscerentur;
972 1962 1040 1999 sed
1068 1961 1289 2000 Alexandro
1307 1963 1431 2013 propi·

83 2023 170 2072 tios,
189 2024 299 2073 cujus
327 2024 528 2063 victoriam
559 2037 707 2075 semper
738 2024 853 2062 etiam
879 2024 1003 2062 hostis
1021 2024 1243 2074 adjuvisset.
1299 2025 1431 2064 Multi-

84 2085 177 2124 tudo
196 2099 245 2123 an
262 2086 505 2126 vindicatura
531 2086 695 2125 Bessum
720 2087 849 2135 fuerit,
869 2087 1057 2125 incertum
1084 2093 1154 2136 est,
1173 2087 1251 2125 nisi
1278 2088 1336 2126 illi
1363 2089 1432 2140 qui

83 2149 297 2197 vinxerant,
312 2150 425 2198 jussu
442 2150 657 2188 Alexandri
685 2150 817 2188 fecisse
836 2150 940 2201 ipsos
967 2150 1151 2199 ementiti,
1173 2151 1198 2169 ¹⁸
1213 2150 1350 2190 dubios
1369 2152 1430 2190 ad-

84 2211 160 2249 huc
179 2211 296 2249 animi
315 2213 552 2252 terruissent.
595 2213 644 2252 In
663 2226 797 2264 equum
817 2213 1049 2264 impositum,
1069 2213 1293 2253 Alexandro
1314 2215 1430 2253 tradi-

84 2274 164 2311 turi
184 2273 338 2311 ducunt.
396 2273 504 2313 Inter
534 2275 615 2314 haec
644 2276 743 2324 Rex,
776 2277 950 2327 ”quibus
979 2281 1128 2314 matura
1165 2282 1248 2314 erat
1283 2277 1428 2326 missio,

82 2335 216 2374 electis
234 2336 434 2387 nongentis
453 2336 546 2385 fere,
567 2338 686 2388 equiti
712 2338 802 2377 bina
818 2339 843 2357 ¹⁸
858 2339 1005 2377 talenta
1032 2339 1151 2388 dedit,
1171 2339 1293 2389 pediti
1321 2345 1430 2377 terna

85 2398 285 2438 denarium
312 2397 456 2449 millia;
487 2399 726 2453 monitosque
756 2406 801 2440 ut
836 2401 977 2442 liberos
1011 2407 1246 2454 generarent,
1282 2402 1430 2441 remisit
