1583 2680
118 158 194 196 196
581 169 765 200 QUINTI
802 169 985 194 cun‘r11

120 263 234 313 quam
267 261 334 300 ille
365 261 499 299 eadem
527 274 588 298 me
620 261 810 299 dicentem
838 260 1003 298 tulisset.
1062 259 1214 310 Regum
1243 259 1457 313 ducumque

116 325 317 362 elementia
346 337 422 362 non
454 324 494 361 in
525 324 695 374 ipsorum
724 324 849 373 modo,
883 323 952 362 sed
983 323 1097 361 etiam
1130 323 1170 360 in
1199 322 1365 370 illorum,
1392 322 1457 373 qui

115 393 262 438 parent,
283 388 447 439 ingeniis
481 387 555 425 sita
583 392 649 425 est.
710 387 906 439 Obsequio
924 387 1150 437 mitigantur
1180 386 1361 436 imperia:
1390 385 1458 423 ubi

115 451 204 488 vero
223 451 439 489 reverentia
471 450 634 488 excessit
653 450 799 499 animis,
819 455 859 488 et
888 463 1035 488 summa
1061 449 1148 486 imis
1177 448 1457 495 confundimus,

115 513 154 551 vi
173 526 267 563 opus
288 518 358 561 est,
377 518 422 550 ut
440 513 518 551 vim
535 512 801 563 repellamus.’'
1416 519 1419 522 “

193 577 213 597 “
233 576 311 615 Sed
329 576 422 627 quid
442 589 512 627 ego
531 576 658 624 mirer,
679 576 691 594 ³
706 577 823 614 istum
850 575 1118 613 crudelitatem
1145 574 1242 612 mihi
1261 573 1458 623 objecisse,

115 639 181 689 qui
211 639 412 677 avaritiam
442 639 670 689 exprobrare
690 652 804 676 ausus
833 639 911 677 sit?
970 638 1073 676 Nolo
1094 637 1264 688 singulos
1282 639 1458 675 vestrstm

138 703 318 750 excitare,
348 715 396 740 ne
425 702 588 759 invisam
619 701 891 740 liberalitatem
923 714 1045 739 meam
1078 701 1227 748 faciam,
1256 700 1289 737 si
1320 699 1459 750 pudori

118 770 241 803 vestro
260 778 415 815 gravem
433 765 569 802 fecero.
629 765 770 802 Totum
790 765 1000 802 exercitum
1020 764 1189 814 aspicite.
1249 762 1325 808 Qui
1343 762 1458 812 paule

115 829 205 865 ante
225 828 322 865 nihil
341 832 483 877 praeter
502 840 608 864 arma
625 827 828 875 habebant,
844 840 944 865 nune
965 826 1154 877 argenteis
1175 825 1317 864 cubant
1336 825 1458 873 leet-is,

114 903 262 927 mensas
283 903 374 928 auro
395 894 565 938 onerant,
585 902 721 941 greges
751 903 946 929 servorum
967 889 1123 938 ducunt,
1145 889 1267 940 spolia
1299 888 1345 926 de
1375 888 1458 926 hos-

115 954 217 991 tibus
238 953 428 990 sustinere
446 964 521 991 non
540 953 741 1003 possunt.⁷⁷

133 1063 137 1066 ,
193 1016 290 1054 “At
320 1016 421 1054 enim
453 1016 597 1064 Persae,
627 1028 722 1067 quos
752 1015 926 1064 vicimus,
954 1015 994 1053 in
1026 1028 1163 1066 magno
1196 1015 1339 1053 honore
1369 1020 1459 1052 sunt

113 1079 214 1129 apud
233 1092 293 1117 me
309 1079 317 1116 ἱ
374 1078 567 1130 Equidem
581 1079 855 1117 moderationis
882 1092 978 1117 meae
997 1079 1254 1117 certissimum
1273 1078 1457 1116 indicium

113 1148 182 1190 est,
203 1142 306 1193 qued
337 1155 385 1180 ne
414 1143 528 1180 vietis
557 1142 712 1193 quidem
745 1142 907 1193 superbe
943 1143 1099 1193 impero.
1158 1141 1262 1179 Veni
1290 1141 1390 1179 enim
1418 1142 1458 1178 in

114 1207 260 1256 Asiam,
278 1218 354 1243 non
386 1210 431 1243 ut
464 1205 643 1243 funditus
672 1209 884 1243 everterem
915 1210 1061 1256 gentes,
1082 1217 1150 1242 nec
1182 1210 1227 1242 ut
1260 1204 1458 1242 dimidiam

113 1274 260 1318 partem
279 1273 469 1306 terrarum
490 1267 738 1305 solitudinem
758 1268 944 1306 facerem:
974 1268 1042 1306 sed
1061 1273 1105 1305 ut
1123 1267 1223 1315 illos,
1240 1281 1334 1318 quos
1355 1267 1456 1307 bello

113 1331 359 1381 subegissem,
393 1330 566 1369 vietoriae
598 1343 694 1368 meae
723 1343 799 1368 non
835 1330 1047 1380 poeniteret.
1116 1330 1255 1382 Itaque
1287 1331 1458 1369 militant

114 1394 318 1441 vobiscum,
336 1406 404 1444 pro
425 1393 583 1444 imperio
599 1398 727 1431 vestro
748 1393 970 1444 sanguinem
988 1393 1166 1444 fundunt,
1182 1395 1249 1445 qui
1269 1395 1281 1412 ⁵
1294 1395 1455 1445 superbe

113 1457 236 1495 habiti
267 1457 528 1496 rebellassent.
597 1457 687 1494 Non
721 1461 781 1494 est
818 1457 1001 1494 diuturna
1033 1458 1235 1507 possessio,
1268 1458 1308 1495 in
1343 1471 1457 1509 quam

112 1521 240 1570 gladio
274 1520 513 1569 indueimur3
555 1519 824 1558 beneficiorum
856 1520 982 1571 gratia
1011 1521 1244 1571 sempiterna
1273 1526 1342 1558 est.
1414 1521 1457 1560 Si

113 1584 250 1621 habere
271 1583 418 1631 Asiam,
439 1583 451 1600 ⁶
465 1595 540 1620 non
560 1583 721 1620 transire
740 1582 928 1632 volumus,
948 1596 1034 1621 eum
1062 1584 1122 1621 his
1142 1584 1457 1622 communicanda

112 1652 170 1684 est
188 1651 320 1684 nostra
339 1646 551 1684 clementia.
611 1645 764 1684 Horum
782 1645 875 1684 fides
906 1646 1044 1684 stabile
1071 1652 1110 1684 et
1135 1652 1321 1686 aeternum
1341 1647 1457 1686 faciet

115 1710 338 1760 imperium:
369 1714 408 1748 et
427 1722 516 1747 sane
535 1709 623 1760 plus
642 1709 837 1757 habemus,
858 1710 974 1760 quam
994 1710 1174 1761 capimus.
1214 1710 1455 1749 Insatiabilis

113 1778 241 1811 autem
274 1773 436 1811 avaritia
468 1778 538 1821 est,
559 1773 683 1810 adhuc
717 1772 874 1823 implere
905 1773 1015 1820 velle,
1048 1773 1149 1824 quod
1183 1775 1264 1822 jam
1296 1774 1454 1811 circum-

113 1837 236 1874 fluit.‘'

195 1901 240 1920 “⁷
260 1900 537 1938 Verumtamen
564 1912 693 1936 eorum
725 1911 850 1936 mores
881 1898 920 1936 in
954 1899 1184 1937 Macedonas
1214 1899 1450 1937 transfundo.

117 1963 161 2000 ln
192 1964 322 2001 multis
344 1963 466 2001 “enim
496 1962 676 2014 gentibus
708 1974 791 1999 esse
821 1961 930 2000 video
962 1975 1048 2013 qua>
1079 1976 1155 2000 nou
1185 1963 1452 2001 erubescamus

117 2027 267 2063 imitari.
327 2027 410 2064 Nee
430 2026 542 2063 aliter
572 2031 721 2063 tantum
749 2025 950 2075 imperium
971 2027 1058 2074 apte
1079 2027 1159 2076 regi
1178 2032 1316 2077 potest,
1336 2029 1453 2078 quiun

116 2097 158 2126 ut
178 2090 351 2140 quaedam
372 2096 411 2127 et
431 2089 625 2127 tradamus
646 2088 736 2135 illis,
757 2094 796 2124 et
815 2088 862 2126 ab
882 2088 1017 2126 iisdem
1039 2089 1267 2127 diseamusfl

195 2161 214 2172 ‘⁸
232 2153 338 2190 Illud
357 2154 453 2203 pene
475 2152 631 2203 dignum
650 2151 731 2188 risu
750 2151 835 2198 fuit,
851 2152 953 2202 quod
976 2152 1209 2191 Hermolaus
1229 2153 1450 2203 postulabat

114 2231 134 2252 a
156 2229 224 2263 me,
247 2222 290 2252 ut
310 2228 504 2252 aversarer
525 2215 676 2261 Jovem,
697 2215 806 2264 cujus
827 2215 977 2253 oraculo
997 2230 1190 2267 agnoscor.
1249 2217 1313 2254 An
1334 2217 1449 2255 etiam

111 2279 203 2329 quid
226 2278 289 2315 Dii
310 2278 575 2328 respondeant,
597 2277 634 2313 in
654 2278 737 2313 mea
766 2284 956 2327 potestate
977 2287 1035 2317 est
1051 2280 1068 2316 ἱ)
1137 2279 1293 2319 Obtulit
1308 2292 1443 2317 nomen

111 2343 178 2380 filii
199 2342 312 2379 mihi:
342 2341 535 2391 ”recipere
570 2340 662 2390 ipsis
694 2340 819 2388 rebus,
839 2355 932 2393 quas
963 2343 1124 2394 agimus,
1146 2343 1248 2380 haud
1276 2343 1443 2380 alienum

111 2406 193 2444 fuit.
251 2405 409 2444 Utinam
442 2404 530 2442 Indi
563 2416 710 2455 quoque
742 2404 863 2443 Deum
894 2420 975 2444 esse
1009 2421 1067 2445 me
1098 2407 1266 2445 credaut.
1325 2405 1442 2444 Fama
