1583 2680
156 141 208 177 92
622 151 808 183 QUINTI
846 150 1033 176 CURTII

154 254 245 294 gens
277 255 430 294 vorago,
463 254 647 281 concursu
675 248 808 282 cavata
842 242 1081 291 torrentium,
1111 242 1187 280 iter
1213 247 1378 294 ruperat.
1435 244 1500 283 Ad

153 306 236 344 haec
272 306 450 345 arborum
485 306 584 344 rami
620 306 719 344 alius
756 306 831 344 alio
863 305 1054 356 1mplicati
1090 309 1129 343 et
1173 306 1419 356 cohaerentes,
1457 313 1501 345 ut

152 374 374 420 perpetuam
392 370 607 420 objecerant
636 383 772 420 sepem.
829 369 1057 419 Desperatio
1082 368 1204 420 igitur
1232 369 1378 421 ingens,
1406 371 1500 409 adeo

152 437 195 470 ut
213 433 279 471 vix
296 433 475 484 lacrymis
503 433 749 482 abstinerent,
779 432 998 473 incesserat.
1067 432 1268 482 Praecipue
1289 433 1500 471 obscuritas

151 497 290 534 terrori
334 501 428 535 erat.
513 496 615 534 Nam
652 496 777 545 etiam,
815 496 848 534 si
883 509 969 547 quae
1012 495 1136 534 sidera
1175 495 1499 545 ¹⁹internitebant‚

150 559 360 597 continenti
377 560 515 598 fronde
547 563 661 598 tectae
691 559 846 598 arbores
875 558 1092 609 conspicere
1120 559 1379 609 prohibebant.
1422 559 1499 597 >Ne

149 622 298 660 aurium
329 622 484 674 quidem
514 636 606 661 usus
635 627 853 673 supererat;
896 622 1021 672 sylvas
1050 622 1245 673 quatiente
1277 627 1403 670 vento,
1431 623 1497 673 qui

148 686 450 725 concutientibus
479 686 595 723 ramis
613 688 796 736 majorem
813 687 927 736 quam
945 698 1013 735 pro
1031 686 1126 723 flatu
1144 698 1276 723 sonum
1295 685 1441 724 edebat.

233 751 288 787 16.
321 749 492 786 Tandem
528 754 724 799 expectata
758 749 826 786 lux
862 749 998 796 omnia,
1036 761 1120 799 quac
1155 748 1386 786 terribiliora
1420 761 1498 786 nox

147 811 299 860 fecerat,
327 812 476 850 minuit.
549 812 754 850 Circumiri
787 812 896 851 brevi
928 811 1052 861 spatio
1085 815 1236 860 poterat
1267 811 1424 860 eluvies,
1458 816 1498 850 et

147 874 221 911 sibi
250 875 409 926 quisque
442 875 520 912 dux
549 875 702 912 itineris
727 878 891 925 coeperat
919 874 1010 913 fieri.
1068 875 1095 892 ²⁰
1110 874 1293 912 Evadunt
1335 876 1425 926 ergo
1457 875 1497 912 in

146 937 290 974 editum
318 937 510 986 verticem,
531 950 578 975 ex
607 950 681 988 quo
700 937 869 975 hostium
903 937 1070 975 statione
1098 940 1311 988 conspecta,
1341 939 1494 976 strenue

146 1000 282 1037 armati
309 1014 332 1038 a
357 1005 464 1051 tergo
492 1013 532 1038 se
561 1001 767 1039 ostendunt
798 1001 896 1038 nihil
927 1000 1004 1038 tale
1031 1001 1305 1049 metuentibus,
1335 1015 1492 1052 quorum

145 1063 269 1113 pauci,
288 1063 356 1114 qui
375 1063 552 1115 congredi
573 1064 655 1101 ausi
674 1068 792 1112 erant,
807 1064 896 1102 caesi
914 1069 1013 1102 sunt.
1070 1063 1208 1115 Itaque
1227 1064 1317 1101 hinc
1335 1065 1493 1102 morien-

146 1127 242 1164 tium
273 1127 448 1178 gemituS,
480 1126 568 1164 hine
600 1127 650 1164 ad
680 1139 769 1165 suos
800 1127 1078 1164 recurrentium
1104 1127 1337 1165 miserabilis
1363 1127 1493 1176 facies,

146 1190 314 1241 integros
343 1202 502 1240 quoque,
524 1194 726 1240 antequam
758 1189 962 1227 discrimen
993 1189 1270 1239 experirentur,
1290 1191 1332 1228 in
1362 1191 1494 1242 fugam

145 1253 295 1291 avertit.
351 1252 527 1290 Fremitu
558 1252 693 1290 deinde
723 1252 763 1290 in
796 1256 933 1301 castra,
960 1253 1068 1304 queis
1103 1252 1288 1292 Craterus
1319 1260 1492 1305 praeerat,

144 1315 265 1364 illato,
299 1315 349 1353 ad
381 1315 618 1366 occupandas
651 1315 857 1367 angustias,
885 1315 925 1352 in
952 1315 1089 1366 quibus
1120 1316 1249 1366 pridie
1281 1316 1491 1366 haesitarat,

143 1379 255 1417 miles
301 1378 488 1417 educitur.
573 1379 695 1417 Simul
741 1383 779 1416 ct
823 1378 1000 1416 Philotas
1047 1391 1134 1416 cum
1177 1379 1491 1430 Polyspcrconte,

145 1442 388 1493 Amyntaque
418 1446 458 1480 et
489 1441 617 1490 Coeno,
639 1442 831 1480 diversum
859 1441 932 1479 iter
958 1441 1108 1493 ingredi
1133 1443 1263 1492 jussus
1282 1443 1399 1481 alium
1418 1448 1492 1481 ter-

143 1517 267 1543 rorem
302 1505 433 1543 intulit
469 1505 665 1543 Barbaris.
740 1504 847 1555 Ergo
883 1505 1051 1556 undique
1089 1505 1342 1544 Macedonum
1375 1507 1491 1545 armis

142 1567 390 1619 fulgentibus,
423 1567 579 1618 ancipiti
610 1567 711 1604 malo
745 1567 929 1617 oppressi,
962 1568 1208 1606 memorabile
1240 1573 1369 1606 tamen
1399 1583 1491 1620 prae·

142 1630 235 1668 lium
253 1630 380 1669 edunt.
436 1630 495 1669 Ut
524 1630 668 1681 opinor,
688 1630 882 1682 ignaviam
900 1644 1046 1682 quoque
1075 1631 1280 1669 necessitas
1299 1632 1421 1682 acuit;
1452 1638 1491 1671 et

143 1695 244 1744 saepe
265 1693 476 1744 desperatio
497 1693 577 1744 spei
606 1706 718 1731 causa
745 1698 813 1732 cst.
871 1693 979 1731 Nudi
1010 1694 1352 1744 complectebantur
1369 1709 1490 1733 arma·

142 1762 214 1805 tos,
235 1761 274 1794 et
305 1757 451 1808 ingenti
484 1769 683 1806 corporum
713 1756 812 1795 mole
841 1769 967 1794 secum
986 1757 1035 1794 ad
1061 1761 1204 1794 terram
1232 1757 1488 1807 detrahentes,

142 1819 311 1869 ipsorum
340 1819 428 1857 telis
459 1818 656 1870 plerosque
687 1818 891 1856 fodiebant.
960 1819 1238 1857 Ariobarzanes
1274 1824 1399 1858 tamen
1437 1835 1487 1860 XL

141 1883 259 1920 sermm}
297 1882 488 1933 equitibus
525 1886 565 1919 ct
599 1881 762 1932 quinque
798 1881 968 1919 millibus
1004 1882 1176 1931 peditum
1214 1883 1392 1933 stipatus,
1420 1899 1488 1935 per

141 1946 304 1983 mediam
324 1946 441 1983 aciem
474 1944 726 1983 Macedonum
746 1957 829 1981 cum
856 1944 977 1982 multo
996 1957 1148 1982 suorum
1177 1951 1291 1997 atque
1320 1947 1487 1986 hostium

142 2009 323 2059 sanguine
353 2009 498 2059 erupit3
529 2007 766 2057 Persepolim
797 2007 928 2045 urbem
961 2013 1073 2058 caput
1104 2009 1270 2060 regionis
1303 2023 1486 2062 occupare

141 2071 337 2109 festinans.
422 2072 497 2110 Sed
543 2083 566 2108 a
611 2070 834 2108 custodibus
887 2070 994 2109 urbis
1039 2071 1227 2122 exclusus,
1274 2075 1485 2112 consecutis

142 2135 294 2171 strenui¹
323 2135 508 2183 hostibus,
530 2147 613 2172 cum
632 2133 805 2172 omnibus
834 2134 936 2185 fuga:
964 2135 1166 2174 comitibus
1194 2142 1374 2175 renovato
1393 2151 1484 2188 prae-

141 2197 192 2234 lio
211 2197 356 2235 cecidit.
415 2196 596 2235 Craterus
614 2210 760 2248 quoquc
780 2199 921 2247 raptim
941 2198 1087 2249 agmine
1106 2204 1190 2237 acto
1209 2200 1438 2250 supervenit.

221 2260 269 2298 V.
306 2263 360 2298 17.
392 2260 477 2298 Rex
509 2261 639 2298 codem
668 2260 707 2297 in
738 2260 830 2308 loco,
861 2274 934 2311 quo
965 2261 1131 2299 hostium
1165 2263 1291 2313 copias
1318 2262 1482 2311 fuderat,

141 2328 265 2360 castra
294 2323 550 2361 communivit.
609 2324 829 2374 Quanquam
863 2325 962 2361 enim
995 2325 1159 2376 undique
1193 2326 1317 2377 fugati
1355 2326 1482 2364 hostes

140 2386 337 2425 victoriam
371 2393 641 2434 concesserant,
663 2392 786 2424 tamon
816 2387 982 2437 prmaltae
1014 2388 1303 2440 praecipitesque
1335 2389 1481 2438 ¹fossae,

139 2449 314 2500 pluribus
332 2449 424 2487 locis
443 2450 609 2499 objecta,
631 2450 855 2499 abruperant
879 2450 962 2497 iter,
983 2453 1196 2502 sensimque
1215 2458 1252 2489 ct
1271 2452 1378 2489 cnut-3
1401 2466 1480 2502 pro-
