<?xml version="1.0" encoding="UTF-8"?>
<!DOCTYPE html PUBLIC "-//W3C//DTD XHTML 1.0 Transitional//EN"
    "http://www.w3.org/TR/xhtml1/DTD/xhtml1-transitional.dtd">
<html xmlns="http://www.w3.org/1999/xhtml" xml:lang="en" lang="en">
 <head>
  <title>
</title>
<meta http-equiv="Content-Type" content="text/html;charset=utf-8" />
  <meta name='ocr-system' content='tesseract 3.04.00' />
  <meta name='ocr-capabilities' content='ocr_page ocr_carea ocr_par ocr_line ocrx_word'/>
</head>
<body>
  <div class='ocr_page' id='page_1' title='image "./lifeexploitsofal00curtuoft/lifeexploitsofal00curtuoft_0022.png"; bbox 0 0 1583 2680; ppageno 0'>
   <div class='ocr_carea' id='block_1_1' title="bbox 128 168 996 208">
    <p class='ocr_par' dir='ltr' id='par_1_1' title="bbox 128 168 996 208">
     <span class='ocr_line' id='line_1_1' title="bbox 128 168 996 208; baseline -0.002 -5"><span class='ocrx_word' id='word_1_1' title='bbox 128 168 172 203; x_wconf 80' lang='lat'>12</span> <span class='ocrx_word' id='word_1_2' title='bbox 588 176 774 208; x_wconf 84' lang='lat' dir='ltr'>QUINTI</span> <span class='ocrx_word' id='word_1_3' title='bbox 811 176 996 202; x_wconf 72' lang='lat' dir='ltr'>cun&#39;rn</span> 
     </span>
    </p>
   </div>
   <div class='ocr_carea' id='block_1_2' title="bbox 103 267 1468 2532">
    <p class='ocr_par' dir='ltr' id='par_1_2' title="bbox 117 267 1468 571">
     <span class='ocr_line' id='line_1_2' title="bbox 119 267 1464 323; baseline 0.003 -16"><span class='ocrx_word' id='word_1_4' title='bbox 119 282 193 320; x_wconf 88' lang='lat' dir='ltr'>que</span> <span class='ocrx_word' id='word_1_5' title='bbox 214 271 352 307; x_wconf 77' lang='lat' dir='ltr'>currus</span> <span class='ocrx_word' id='word_1_6' title='bbox 371 268 474 305; x_wconf 85' lang='lat' dir='ltr'>latus</span> <span class='ocrx_word' id='word_1_7' title='bbox 496 267 653 305; x_wconf 88' lang='lat' dir='ltr'>deorum</span> <span class='ocrx_word' id='word_1_8' title='bbox 675 267 878 306; x_wconf 87' lang='lat' dir='ltr'>simulacra</span> <span class='ocrx_word' id='word_1_9' title='bbox 893 281 942 306; x_wconf 80' lang='lat' dir='ltr'>ex</span> <span class='ocrx_word' id='word_1_10' title='bbox 957 280 1049 306; x_wconf 90' lang='lat' dir='ltr'>auro</span> <span class='ocrx_word' id='word_1_11' title='bbox 1064 274 1296 321; x_wconf 79' lang='lat' dir='ltr'><strong>argentoque</strong></span> <span class='ocrx_word' id='word_1_12' title='bbox 1315 284 1464 323; x_wconf 81' lang='lat' dir='ltr'>expres-</span> 
     </span>
     <span class='ocr_line' id='line_1_3' title="bbox 119 329 1465 385; baseline 0.003 -16"><span class='ocrx_word' id='word_1_13' title='bbox 119 344 160 369; x_wconf 86' lang='lat' dir='ltr'>sa</span> <span class='ocrx_word' id='word_1_14' title='bbox 180 331 431 369; x_wconf 75' lang='lat' dir='ltr'>decorabant:</span> <span class='ocrx_word' id='word_1_15' title='bbox 461 329 751 380; x_wconf 79' lang='lat' dir='ltr'>distinguebant</span> <span class='ocrx_word' id='word_1_16' title='bbox 778 331 1048 369; x_wconf 77' lang='lat' dir='ltr'>internitentes</span> <span class='ocrx_word' id='word_1_17' title='bbox 1066 345 1227 382; x_wconf 87' lang='lat' dir='ltr'>gemmae</span> <span class='ocrx_word' id='word_1_18' title='bbox 1247 335 1396 385; x_wconf 82' lang='lat' dir='ltr'>jugum,</span> <span class='ocrx_word' id='word_1_19' title='bbox 1417 348 1465 374; x_wconf 73' lang='lat' dir='ltr'>ex</span> 
     </span>
     <span class='ocr_line' id='line_1_4' title="bbox 117 392 1463 446; baseline 0.002 -14"><span class='ocrx_word' id='word_1_20' title='bbox 117 408 192 445; x_wconf 87' lang='lat' dir='ltr'>quo</span> <span class='ocrx_word' id='word_1_21' title='bbox 214 393 430 432; x_wconf 85' lang='lat' dir='ltr'>eminebant</span> <span class='ocrx_word' id='word_1_22' title='bbox 449 392 523 430; x_wconf 90' lang='lat' dir='ltr'>duo</span> <span class='ocrx_word' id='word_1_23' title='bbox 544 406 660 431; x_wconf 85' lang='lat' dir='ltr'>aurea</span> <span class='ocrx_word' id='word_1_24' title='bbox 680 393 707 411; x_wconf 81' lang='lat'>¹⁸</span> <span class='ocrx_word' id='word_1_25' title='bbox 720 393 926 431; x_wconf 84' lang='lat' dir='ltr'>simulacra</span> <span class='ocrx_word' id='word_1_26' title='bbox 954 393 1158 445; x_wconf 86' lang='lat' dir='ltr'>cubitalia;</span> <span class='ocrx_word' id='word_1_27' title='bbox 1188 408 1350 446; x_wconf 90' lang='lat' dir='ltr'>quorum</span> <span class='ocrx_word' id='word_1_28' title='bbox 1370 397 1463 436; x_wconf 88' lang='lat' dir='ltr'>alte-</span> 
     </span>
     <span class='ocr_line' id='line_1_5' title="bbox 117 455 1461 508; baseline 0.003 -14"><span class='ocrx_word' id='word_1_29' title='bbox 117 471 202 494; x_wconf 84' lang='lat' dir='ltr'>rum</span> <span class='ocrx_word' id='word_1_30' title='bbox 223 456 330 506; x_wconf 87' lang='lat' dir='ltr'>Nini,</span> <span class='ocrx_word' id='word_1_31' title='bbox 350 455 515 493; x_wconf 89' lang='lat' dir='ltr'>alterum</span> <span class='ocrx_word' id='word_1_32' title='bbox 535 455 626 493; x_wconf 85' lang='lat' dir='ltr'>Beli</span> <span class='ocrx_word' id='word_1_33' title='bbox 652 455 813 507; x_wconf 85' lang='lat' dir='ltr'>gerebat</span> <span class='ocrx_word' id='word_1_34' title='bbox 841 456 1012 508; x_wconf 87' lang='lat' dir='ltr'>effigiem.</span> <span class='ocrx_word' id='word_1_35' title='bbox 1071 457 1181 496; x_wconf 86' lang='lat' dir='ltr'>Inter</span> <span class='ocrx_word' id='word_1_36' title='bbox 1198 458 1280 497; x_wconf 86' lang='lat' dir='ltr'>haec</span> <span class='ocrx_word' id='word_1_37' title='bbox 1308 473 1461 498; x_wconf 86' lang='lat' dir='ltr'>auream</span> 
     </span>
     <span class='ocr_line' id='line_1_6' title="bbox 119 512 1468 571; baseline 0.001 -13"><span class='ocrx_word' id='word_1_38' title='bbox 119 520 298 571; x_wconf 82' lang='lat' dir='ltr'>aquilam,</span> <span class='ocrx_word' id='word_1_39' title='bbox 322 521 348 538; x_wconf 82' lang='lat'>¹⁹</span> <span class='ocrx_word' id='word_1_40' title='bbox 361 519 497 569; x_wconf 85' lang='lat' dir='ltr'>pinnas</span> <span class='ocrx_word' id='word_1_41' title='bbox 517 519 742 557; x_wconf 80' lang='lat' dir='ltr'>extendenti</span> <span class='ocrx_word' id='word_1_42' title='bbox 761 519 938 568; x_wconf 84' lang='lat' dir='ltr'>similem,</span> <span class='ocrx_word' id='word_1_43' title='bbox 959 526 1212 559; x_wconf 83' lang='lat' dir='ltr'>sacraverant.</span> <span class='ocrx_word' id='word_1_44' title='bbox 1465 512 1468 515; x_wconf 40' lang='lat'>¹</span> 
     </span>
    </p>

    <p class='ocr_par' dir='ltr' id='par_1_3' title="bbox 103 581 1460 2532">
     <span class='ocr_line' id='line_1_7' title="bbox 194 581 1460 633; baseline 0.002 -13"><span class='ocrx_word' id='word_1_45' title='bbox 194 587 227 620; x_wconf 88' lang='grc'>8.</span> <span class='ocrx_word' id='word_1_46' title='bbox 261 581 399 621; x_wconf 86' lang='lat' dir='ltr'>Cultus</span> <span class='ocrx_word' id='word_1_47' title='bbox 429 582 552 633; x_wconf 84' lang='lat' dir='ltr'>Regis</span> <span class='ocrx_word' id='word_1_48' title='bbox 580 582 682 620; x_wconf 86' lang='lat' dir='ltr'>inter</span> <span class='ocrx_word' id='word_1_49' title='bbox 701 583 828 620; x_wconf 88' lang='lat' dir='ltr'>omnia</span> <span class='ocrx_word' id='word_1_50' title='bbox 859 582 1016 621; x_wconf 75' lang='lat' dir='ltr'>luxuria</span> <span class='ocrx_word' id='word_1_51' title='bbox 1043 584 1260 622; x_wconf 86' lang='lat' dir='ltr'>notabatur.</span> <span class='ocrx_word' id='word_1_52' title='bbox 1319 586 1347 603; x_wconf 76' lang='lat'>²·</span> <span class='ocrx_word' id='word_1_53' title='bbox 1364 585 1460 623; x_wconf 87' lang='lat' dir='ltr'>Pur-</span> 
     </span>
     <span class='ocr_line' id='line_1_8' title="bbox 115 644 1460 694; baseline 0.002 -12"><span class='ocrx_word' id='word_1_54' title='bbox 115 658 244 694; x_wconf 83' lang='lat' dir='ltr'>pureae</span> <span class='ocrx_word' id='word_1_55' title='bbox 265 645 405 683; x_wconf 79' lang='lat' dir='ltr'>tunicae</span> <span class='ocrx_word' id='word_1_56' title='bbox 431 644 601 683; x_wconf 90' lang='lat' dir='ltr'>medium</span> <span class='ocrx_word' id='word_1_57' title='bbox 621 645 707 684; x_wconf 90' lang='lat' dir='ltr'>albo</span> <span class='ocrx_word' id='word_1_58' title='bbox 726 646 919 683; x_wconf 82' lang='lat' dir='ltr'>intextum</span> <span class='ocrx_word' id='word_1_59' title='bbox 948 650 1041 684; x_wconf 89' lang='lat' dir='ltr'>erat.</span> <span class='ocrx_word' id='word_1_60' title='bbox 1100 646 1254 684; x_wconf 88' lang='lat' dir='ltr'>Pallam</span> <span class='ocrx_word' id='word_1_61' title='bbox 1274 660 1365 685; x_wconf 87' lang='lat' dir='ltr'>auro</span> <span class='ocrx_word' id='word_1_62' title='bbox 1387 648 1460 685; x_wconf 89' lang='lat' dir='ltr'>dis-</span> 
     </span>
     <span class='ocr_line' id='line_1_9' title="bbox 114 709 1458 760; baseline 0.001 -14"><span class='ocrx_word' id='word_1_63' title='bbox 114 709 274 747; x_wconf 84' lang='lat' dir='ltr'>tinctam</span> <span class='ocrx_word' id='word_1_64' title='bbox 313 709 421 747; x_wconf 86' lang='lat' dir='ltr'>aurei</span> <span class='ocrx_word' id='word_1_65' title='bbox 457 709 672 760; x_wconf 84' lang='lat' dir='ltr'>accipitres,</span> <span class='ocrx_word' id='word_1_66' title='bbox 705 709 812 748; x_wconf 88' lang='lat' dir='ltr'>velut</span> <span class='ocrx_word' id='word_1_67' title='bbox 849 710 987 748; x_wconf 86' lang='lat' dir='ltr'>rostris</span> <span class='ocrx_word' id='word_1_68' title='bbox 1021 710 1121 748; x_wconf 87' lang='lat' dir='ltr'>inter</span> <span class='ocrx_word' id='word_1_69' title='bbox 1149 723 1190 749; x_wconf 88' lang='lat' dir='ltr'>se</span> <span class='ocrx_word' id='word_1_70' title='bbox 1223 716 1458 759; x_wconf 86' lang='lat' dir='ltr'>corruerent,</span> 
     </span>
     <span class='ocr_line' id='line_1_10' title="bbox 114 773 1457 811; baseline 0.001 -2"><span class='ocrx_word' id='word_1_71' title='bbox 114 773 373 811; x_wconf 83' lang='lat' dir='ltr'>adornabant:</span> <span class='ocrx_word' id='word_1_72' title='bbox 405 777 444 810; x_wconf 90' lang='lat' dir='ltr'>et</span> <span class='ocrx_word' id='word_1_73' title='bbox 463 774 558 811; x_wconf 67' lang='lat' dir='ltr'>zona</span> <span class='ocrx_word' id='word_1_74' title='bbox 587 774 704 811; x_wconf 69' lang='lat' dir='ltr'>aurea</span> <span class='ocrx_word' id='word_1_75' title='bbox 731 773 970 811; x_wconf 89' lang='lat' dir='ltr'>muliebriter</span> <span class='ocrx_word' id='word_1_76' title='bbox 989 773 1139 811; x_wconf 87' lang='lat' dir='ltr'>cinctus</span> <span class='ocrx_word' id='word_1_77' title='bbox 1169 773 1362 811; x_wconf 88' lang='lat' dir='ltr'>acinacem</span> <span class='ocrx_word' id='word_1_78' title='bbox 1382 787 1457 811; x_wconf 93' lang='lat' dir='ltr'>sus-</span> 
     </span>
     <span class='ocr_line' id='line_1_11' title="bbox 112 836 1460 887; baseline 0.001 -14"><span class='ocrx_word' id='word_1_79' title='bbox 112 836 308 886; x_wconf 81' lang='lat' dir='ltr'>penderat,</span> <span class='ocrx_word' id='word_1_80' title='bbox 338 836 401 874; x_wconf 93' lang='lat' dir='ltr'>eui</span> <span class='ocrx_word' id='word_1_81' title='bbox 429 837 518 874; x_wconf 66' lang='lat' dir='ltr'>”ex</span> <span class='ocrx_word' id='word_1_82' title='bbox 545 837 697 887; x_wconf 72' lang='lat' dir='ltr'>gemma</span> <span class='ocrx_word' id='word_1_83' title='bbox 731 841 814 874; x_wconf 91' lang='lat' dir='ltr'>erat</span> <span class='ocrx_word' id='word_1_84' title='bbox 840 836 986 887; x_wconf 83' lang='lat' dir='ltr'>vagina.</span> <span class='ocrx_word' id='word_1_85' title='bbox 1044 836 1073 854; x_wconf 76' lang='lat'>²²</span> <span class='ocrx_word' id='word_1_86' title='bbox 1096 836 1299 886; x_wconf 74' lang='lat' dir='ltr'>Cydarim</span> <span class='ocrx_word' id='word_1_87' title='bbox 1327 836 1460 874; x_wconf 81' lang='lat' dir='ltr'>Persae</span> 
     </span>
     <span class='ocr_line' id='line_1_12' title="bbox 110 898 1459 950; baseline 0.001 -15"><span class='ocrx_word' id='word_1_88' title='bbox 110 899 257 950; x_wconf 84' lang='lat' dir='ltr'>regium</span> <span class='ocrx_word' id='word_1_89' title='bbox 277 899 414 950; x_wconf 88' lang='lat' dir='ltr'>eapitis</span> <span class='ocrx_word' id='word_1_90' title='bbox 433 899 624 938; x_wconf 85' lang='lat' dir='ltr'>vocabant</span> <span class='ocrx_word' id='word_1_91' title='bbox 651 899 824 950; x_wconf 82' lang='lat' dir='ltr'>insigne:</span> <span class='ocrx_word' id='word_1_92' title='bbox 854 899 926 937; x_wconf 88' lang='lat' dir='ltr'>hoc</span> <span class='ocrx_word' id='word_1_93' title='bbox 947 898 1110 937; x_wconf 87' lang='lat' dir='ltr'>caerulea</span> <span class='ocrx_word' id='word_1_94' title='bbox 1129 899 1250 937; x_wconf 87' lang='lat' dir='ltr'>fascia</span> <span class='ocrx_word' id='word_1_95' title='bbox 1277 899 1364 937; x_wconf 89' lang='lat' dir='ltr'>albo</span> <span class='ocrx_word' id='word_1_96' title='bbox 1385 899 1459 937; x_wconf 86' lang='lat' dir='ltr'>dis-</span> 
     </span>
     <span class='ocr_line' id='line_1_13' title="bbox 112 962 1459 1014; baseline 0.001 -16"><span class='ocrx_word' id='word_1_97' title='bbox 112 962 235 999; x_wconf 86' lang='lat' dir='ltr'>tincta</span> <span class='ocrx_word' id='word_1_98' title='bbox 255 962 490 1001; x_wconf 88' lang='lat' dir='ltr'>circumibat.</span> <span class='ocrx_word' id='word_1_99' title='bbox 550 962 717 1001; x_wconf 87' lang='lat' dir='ltr'>Currum</span> <span class='ocrx_word' id='word_1_100' title='bbox 747 962 879 1000; x_wconf 88' lang='lat' dir='ltr'>decem</span> <span class='ocrx_word' id='word_1_101' title='bbox 908 962 1032 1000; x_wconf 87' lang='lat' dir='ltr'>millia</span> <span class='ocrx_word' id='word_1_102' title='bbox 1055 962 1294 1001; x_wconf 86' lang='lat' dir='ltr'>hastatorum</span> <span class='ocrx_word' id='word_1_103' title='bbox 1327 976 1459 1014; x_wconf 90' lang='lat' dir='ltr'>seque-</span> 
     </span>
     <span class='ocr_line' id='line_1_14' title="bbox 111 1024 1457 1077; baseline 0.001 -15"><span class='ocrx_word' id='word_1_104' title='bbox 111 1024 271 1075; x_wconf 77' lang='lat' dir='ltr'>bantur3</span> <span class='ocrx_word' id='word_1_105' title='bbox 302 1026 433 1063; x_wconf 89' lang='lat' dir='ltr'>hastas</span> <span class='ocrx_word' id='word_1_106' title='bbox 452 1031 610 1076; x_wconf 87' lang='lat' dir='ltr'>argento</span> <span class='ocrx_word' id='word_1_107' title='bbox 630 1030 846 1072; x_wconf 77' lang='lat' dir='ltr'>exornatas,</span> <span class='ocrx_word' id='word_1_108' title='bbox 869 1025 1016 1075; x_wconf 87' lang='lat' dir='ltr'>spicula</span> <span class='ocrx_word' id='word_1_109' title='bbox 1044 1038 1136 1063; x_wconf 87' lang='lat' dir='ltr'>auro</span> <span class='ocrx_word' id='word_1_110' title='bbox 1155 1026 1314 1076; x_wconf 78' lang='lat' dir='ltr'>praefixa</span> <span class='ocrx_word' id='word_1_111' title='bbox 1332 1031 1457 1077; x_wconf 88' lang='lat' dir='ltr'>gesta-</span> 
     </span>
     <span class='ocr_line' id='line_1_15' title="bbox 109 1088 1459 1139; baseline 0.001 -14"><span class='ocrx_word' id='word_1_112' title='bbox 109 1088 214 1128; x_wconf 80' lang='lat' dir='ltr'>bant,</span> <span class='ocrx_word' id='word_1_113' title='bbox 270 1088 421 1126; x_wconf 72' lang='lat' dir='ltr'>Dextra</span> <span class='ocrx_word' id='word_1_114' title='bbox 440 1088 613 1139; x_wconf 75' lang='lat' dir='ltr'>laevaque</span> <span class='ocrx_word' id='word_1_115' title='bbox 633 1088 782 1139; x_wconf 86' lang='lat' dir='ltr'>Regem</span> <span class='ocrx_word' id='word_1_116' title='bbox 803 1088 957 1125; x_wconf 88' lang='lat' dir='ltr'>ducenti</span> <span class='ocrx_word' id='word_1_117' title='bbox 981 1088 1103 1125; x_wconf 72' lang='lat' dir='ltr'>ferme</span> <span class='ocrx_word' id='word_1_118' title='bbox 1127 1088 1358 1126; x_wconf 89' lang='lat' dir='ltr'>nobilissimi</span> <span class='ocrx_word' id='word_1_119' title='bbox 1375 1102 1459 1139; x_wconf 92' lang='lat' dir='ltr'>pro-</span> 
     </span>
     <span class='ocr_line' id='line_1_16' title="bbox 109 1151 1459 1202; baseline 0.001 -14"><span class='ocrx_word' id='word_1_120' title='bbox 109 1152 338 1202; x_wconf 88' lang='lat' dir='ltr'>pinquorum</span> <span class='ocrx_word' id='word_1_121' title='bbox 357 1151 649 1190; x_wconf 88' lang='lat' dir='ltr'>comitabantur.</span> <span class='ocrx_word' id='word_1_122' title='bbox 707 1151 859 1188; x_wconf 91' lang='lat' dir='ltr'>Horum</span> <span class='ocrx_word' id='word_1_123' title='bbox 875 1164 1009 1202; x_wconf 83' lang='lat' dir='ltr'>agmen</span> <span class='ocrx_word' id='word_1_124' title='bbox 1029 1151 1278 1189; x_wconf 88' lang='lat' dir='ltr'>claudebatur</span> <span class='ocrx_word' id='word_1_125' title='bbox 1297 1151 1459 1201; x_wconf 85' lang='lat' dir='ltr'>triginta</span> 
     </span>
     <span class='ocr_line' id='line_1_17' title="bbox 111 1214 1455 1266; baseline 0.001 -15"><span class='ocrx_word' id='word_1_126' title='bbox 111 1214 283 1252; x_wconf 88' lang='lat' dir='ltr'>millibus</span> <span class='ocrx_word' id='word_1_127' title='bbox 302 1214 487 1265; x_wconf 88' lang='lat' dir='ltr'>peditum,</span> <span class='ocrx_word' id='word_1_128' title='bbox 508 1227 602 1266; x_wconf 90' lang='lat' dir='ltr'>quos</span> <span class='ocrx_word' id='word_1_129' title='bbox 623 1214 711 1265; x_wconf 89' lang='lat' dir='ltr'>equi</span> <span class='ocrx_word' id='word_1_130' title='bbox 735 1214 856 1265; x_wconf 85' lang='lat' dir='ltr'>Regis</span> <span class='ocrx_word' id='word_1_131' title='bbox 884 1214 1155 1265; x_wconf 89' lang='lat' dir='ltr'>quadringenti</span> <span class='ocrx_word' id='word_1_132' title='bbox 1183 1214 1455 1265; x_wconf 85' lang='lat' dir='ltr'>sequebantur.</span> 
     </span>
     <span class='ocr_line' id='line_1_18' title="bbox 110 1277 1457 1328; baseline 0.001 -13"><span class='ocrx_word' id='word_1_133' title='bbox 110 1277 322 1315; x_wconf 83' lang='lat' dir='ltr'>Intervallo</span> <span class='ocrx_word' id='word_1_134' title='bbox 357 1277 506 1325; x_wconf 90' lang='lat' dir='ltr'>deinde,</span> <span class='ocrx_word' id='word_1_135' title='bbox 540 1277 654 1315; x_wconf 90' lang='lat' dir='ltr'>unius</span> <span class='ocrx_word' id='word_1_136' title='bbox 692 1277 820 1325; x_wconf 89' lang='lat' dir='ltr'>stadii,</span> <span class='ocrx_word' id='word_1_137' title='bbox 856 1282 1018 1315; x_wconf 88' lang='lat' dir='ltr'>matrem</span> <span class='ocrx_word' id='word_1_138' title='bbox 1053 1277 1164 1315; x_wconf 86' lang='lat' dir='ltr'>Darii</span> <span class='ocrx_word' id='word_1_139' title='bbox 1199 1277 1457 1328; x_wconf 76' lang='lat' dir='ltr'>Sysigambim</span> 
     </span>
     <span class='ocr_line' id='line_1_19' title="bbox 108 1340 1456 1390; baseline 0.001 -13"><span class='ocrx_word' id='word_1_140' title='bbox 108 1353 242 1378; x_wconf 91' lang='lat' dir='ltr'>currus</span> <span class='ocrx_word' id='word_1_141' title='bbox 272 1341 445 1389; x_wconf 89' lang='lat' dir='ltr'>vehebat,</span> <span class='ocrx_word' id='word_1_142' title='bbox 477 1345 516 1379; x_wconf 91' lang='lat' dir='ltr'>et</span> <span class='ocrx_word' id='word_1_143' title='bbox 548 1340 589 1378; x_wconf 90' lang='lat' dir='ltr'>in</span> <span class='ocrx_word' id='word_1_144' title='bbox 621 1340 696 1379; x_wconf 88' lang='lat' dir='ltr'>alio</span> <span class='ocrx_word' id='word_1_145' title='bbox 730 1345 811 1378; x_wconf 89' lang='lat' dir='ltr'>erat</span> <span class='ocrx_word' id='word_1_146' title='bbox 844 1341 993 1390; x_wconf 83' lang='lat' dir='ltr'>conjux.</span> <span class='ocrx_word' id='word_1_147' title='bbox 1054 1340 1185 1378; x_wconf 85' lang='lat' dir='ltr'>Turba</span> <span class='ocrx_word' id='word_1_148' title='bbox 1217 1341 1456 1379; x_wconf 88' lang='lat' dir='ltr'>foeminarum</span> 
     </span>
     <span class='ocr_line' id='line_1_20' title="bbox 108 1403 1456 1455; baseline 0.002 -15"><span class='ocrx_word' id='word_1_149' title='bbox 108 1404 278 1455; x_wconf 79' lang='lat' dir='ltr'>Reginas</span> <span class='ocrx_word' id='word_1_150' title='bbox 299 1404 563 1442; x_wconf 86' lang='lat' dir='ltr'>comitantium</span> <span class='ocrx_word' id='word_1_151' title='bbox 579 1404 687 1455; x_wconf 90' lang='lat' dir='ltr'>equis</span> <span class='ocrx_word' id='word_1_152' title='bbox 702 1404 938 1442; x_wconf 84' lang='lat' dir='ltr'>vectabatur.</span> <span class='ocrx_word' id='word_1_153' title='bbox 998 1403 1226 1449; x_wconf 87' lang='lat' dir='ltr'>Quindecim</span> <span class='ocrx_word' id='word_1_154' title='bbox 1243 1404 1344 1452; x_wconf 86' lang='lat' dir='ltr'>inde,</span> <span class='ocrx_word' id='word_1_155' title='bbox 1361 1418 1456 1455; x_wconf 89' lang='lat' dir='ltr'>quas</span> 
     </span>
     <span class='ocr_line' id='line_1_21' title="bbox 107 1466 1456 1518; baseline 0.001 -14"><span class='ocrx_word' id='word_1_156' title='bbox 107 1468 410 1504; x_wconf 61' lang='grc' dir='ltr'>23ανηῑανηαςῑαες</span> <span class='ocrx_word' id='word_1_157' title='bbox 443 1467 650 1517; x_wconf 89' lang='lat' dir='ltr'>appellant,</span> <span class='ocrx_word' id='word_1_158' title='bbox 685 1467 952 1518; x_wconf 89' lang='lat' dir='ltr'>sequebantur.</span> <span class='ocrx_word' id='word_1_159' title='bbox 1023 1466 1072 1504; x_wconf 90' lang='lat' dir='ltr'>In</span> <span class='ocrx_word' id='word_1_160' title='bbox 1105 1467 1165 1504; x_wconf 88' lang='lat' dir='ltr'>his</span> <span class='ocrx_word' id='word_1_161' title='bbox 1200 1473 1309 1505; x_wconf 85' lang='lat' dir='ltr'>erant</span> <span class='ocrx_word' id='word_1_162' title='bbox 1341 1468 1456 1506; x_wconf 90' lang='lat' dir='ltr'>liberi</span> 
     </span>
     <span class='ocr_line' id='line_1_22' title="bbox 108 1530 1455 1581; baseline 0.001 -14"><span class='ocrx_word' id='word_1_163' title='bbox 108 1530 241 1581; x_wconf 83' lang='lat' dir='ltr'>Regis,</span> <span class='ocrx_word' id='word_1_164' title='bbox 263 1535 301 1568; x_wconf 86' lang='lat' dir='ltr'>et</span> <span class='ocrx_word' id='word_1_165' title='bbox 330 1530 397 1581; x_wconf 90' lang='lat' dir='ltr'>qui</span> <span class='ocrx_word' id='word_1_166' title='bbox 428 1530 641 1569; x_wconf 87' lang='lat' dir='ltr'>educabant</span> <span class='ocrx_word' id='word_1_167' title='bbox 671 1543 746 1578; x_wconf 88' lang='lat' dir='ltr'>eos,</span> <span class='ocrx_word' id='word_1_168' title='bbox 772 1530 1058 1581; x_wconf 87' lang='lat' dir='ltr'>spadonumque</span> <span class='ocrx_word' id='word_1_169' title='bbox 1088 1543 1195 1581; x_wconf 82' lang='lat' dir='ltr'>grex,</span> <span class='ocrx_word' id='word_1_170' title='bbox 1227 1530 1332 1568; x_wconf 88' lang='lat' dir='ltr'>haud</span> <span class='ocrx_word' id='word_1_171' title='bbox 1363 1532 1455 1568; x_wconf 71' lang='lat' dir='ltr'>sane</span> 
     </span>
     <span class='ocr_line' id='line_1_23' title="bbox 107 1593 1456 1645; baseline 0.001 -15"><span class='ocrx_word' id='word_1_172' title='bbox 107 1593 183 1630; x_wconf 90' lang='lat' dir='ltr'>illis</span> <span class='ocrx_word' id='word_1_173' title='bbox 211 1593 392 1645; x_wconf 84' lang='lat' dir='ltr'>gentibus</span> <span class='ocrx_word' id='word_1_174' title='bbox 412 1593 511 1631; x_wconf 88' lang='lat' dir='ltr'>vilis.</span> <span class='ocrx_word' id='word_1_175' title='bbox 571 1593 671 1631; x_wconf 82' lang='lat' dir='ltr'>Tum</span> <span class='ocrx_word' id='word_1_176' title='bbox 701 1594 819 1644; x_wconf 83' lang='lat' dir='ltr'>regiae</span> <span class='ocrx_word' id='word_1_177' title='bbox 848 1593 1006 1644; x_wconf 88' lang='lat' dir='ltr'>pellices</span> <span class='ocrx_word' id='word_1_178' title='bbox 1037 1597 1221 1631; x_wconf 83' lang='lat' dir='ltr'>trecentae</span> <span class='ocrx_word' id='word_1_179' title='bbox 1254 1594 1456 1644; x_wconf 82' lang='lat' dir='ltr'>sexaginta</span> 
     </span>
     <span class='ocr_line' id='line_1_24' title="bbox 104 1656 1455 1708; baseline 0.001 -15"><span class='ocrx_word' id='word_1_180' title='bbox 104 1656 351 1705; x_wconf 76' lang='lat' dir='ltr'>vehebantur,</span> <span class='ocrx_word' id='word_1_181' title='bbox 373 1661 411 1694; x_wconf 89' lang='lat' dir='ltr'>et</span> <span class='ocrx_word' id='word_1_182' title='bbox 440 1657 534 1707; x_wconf 82' lang='lat' dir='ltr'>ipsae</span> <span class='ocrx_word' id='word_1_183' title='bbox 562 1657 685 1707; x_wconf 88' lang='lat' dir='ltr'>regali</span> <span class='ocrx_word' id='word_1_184' title='bbox 713 1657 833 1704; x_wconf 88' lang='lat' dir='ltr'>cultu,</span> <span class='ocrx_word' id='word_1_185' title='bbox 854 1661 1090 1708; x_wconf 86' lang='lat' dir='ltr'>ornatuque:</span> <span class='ocrx_word' id='word_1_186' title='bbox 1123 1662 1213 1707; x_wconf 91' lang='lat' dir='ltr'>post</span> <span class='ocrx_word' id='word_1_187' title='bbox 1231 1670 1327 1708; x_wconf 92' lang='lat' dir='ltr'>quas</span> <span class='ocrx_word' id='word_1_188' title='bbox 1346 1670 1455 1708; x_wconf 88' lang='lat' dir='ltr'>pecu-</span> 
     </span>
     <span class='ocr_line' id='line_1_25' title="bbox 105 1719 1453 1770; baseline 0.001 -14"><span class='ocrx_word' id='word_1_189' title='bbox 105 1720 205 1756; x_wconf 88' lang='lat' dir='ltr'>niam</span> <span class='ocrx_word' id='word_1_190' title='bbox 230 1719 362 1769; x_wconf 84' lang='lat' dir='ltr'>Regis,</span> <span class='ocrx_word' id='word_1_191' title='bbox 385 1719 556 1757; x_wconf 80' lang='lat' dir='ltr'>sexcenti</span> <span class='ocrx_word' id='word_1_192' title='bbox 588 1719 696 1769; x_wconf 88' lang='lat' dir='ltr'>muli,</span> <span class='ocrx_word' id='word_1_193' title='bbox 716 1725 753 1757; x_wconf 89' lang='lat' dir='ltr'>et</span> <span class='ocrx_word' id='word_1_194' title='bbox 772 1719 936 1757; x_wconf 87' lang='lat' dir='ltr'>trecenti</span> <span class='ocrx_word' id='word_1_195' title='bbox 965 1719 1101 1757; x_wconf 87' lang='lat' dir='ltr'>cameli</span> <span class='ocrx_word' id='word_1_196' title='bbox 1119 1719 1331 1769; x_wconf 81' lang='lat' dir='ltr'>vehebant3</span> <span class='ocrx_word' id='word_1_197' title='bbox 1362 1733 1453 1770; x_wconf 85' lang='lat' dir='ltr'>prae-</span> 
     </span>
     <span class='ocr_line' id='line_1_26' title="bbox 104 1782 1453 1834; baseline 0 -15"><span class='ocrx_word' id='word_1_198' title='bbox 104 1782 202 1820; x_wconf 80' lang='lat' dir='ltr'>sidio</span> <span class='ocrx_word' id='word_1_199' title='bbox 241 1783 529 1832; x_wconf 85' lang='lat' dir='ltr'>sagittariorum</span> <span class='ocrx_word' id='word_1_200' title='bbox 566 1788 831 1834; x_wconf 85' lang='lat' dir='ltr'>prosequente.</span> <span class='ocrx_word' id='word_1_201' title='bbox 890 1782 1202 1834; x_wconf 89' lang='lat' dir='ltr'>Propinquorum</span> <span class='ocrx_word' id='word_1_202' title='bbox 1232 1782 1453 1820; x_wconf 87' lang='lat' dir='ltr'>amicorum-</span> 
     </span>
     <span class='ocr_line' id='line_1_27' title="bbox 103 1845 1453 1896; baseline 0 -14"><span class='ocrx_word' id='word_1_203' title='bbox 103 1858 176 1896; x_wconf 84' lang='lat' dir='ltr'>que</span> <span class='ocrx_word' id='word_1_204' title='bbox 205 1847 387 1896; x_wconf 86' lang='lat' dir='ltr'>conjuges</span> <span class='ocrx_word' id='word_1_205' title='bbox 414 1845 504 1882; x_wconf 89' lang='lat' dir='ltr'>huic</span> <span class='ocrx_word' id='word_1_206' title='bbox 531 1845 674 1896; x_wconf 87' lang='lat' dir='ltr'>agmini</span> <span class='ocrx_word' id='word_1_207' title='bbox 701 1845 899 1896; x_wconf 78' lang='lat' dir='ltr'>proximae,</span> <span class='ocrx_word' id='word_1_208' title='bbox 921 1846 948 1863; x_wconf 64' lang='lat'>³⁴</span> <span class='ocrx_word' id='word_1_209' title='bbox 962 1845 1200 1896; x_wconf 83' lang='lat' dir='ltr'>lixarumque</span> <span class='ocrx_word' id='word_1_210' title='bbox 1221 1850 1259 1882; x_wconf 90' lang='lat' dir='ltr'>et</span> <span class='ocrx_word' id='word_1_211' title='bbox 1279 1845 1453 1883; x_wconf 86' lang='lat' dir='ltr'>calonum</span> 
     </span>
     <span class='ocr_line' id='line_1_28' title="bbox 103 1908 1453 1960; baseline 0 -14"><span class='ocrx_word' id='word_1_212' title='bbox 103 1921 235 1959; x_wconf 79' lang='lat' dir='ltr'>greges</span> <span class='ocrx_word' id='word_1_213' title='bbox 255 1908 503 1947; x_wconf 78' lang='lat' dir='ltr'>vehebantur.</span> <span class='ocrx_word' id='word_1_214' title='bbox 563 1908 704 1947; x_wconf 86' lang='lat' dir='ltr'>Ultimi</span> <span class='ocrx_word' id='word_1_215' title='bbox 735 1914 844 1946; x_wconf 84' lang='lat' dir='ltr'>crant·</span> <span class='ocrx_word' id='word_1_216' title='bbox 863 1922 948 1946; x_wconf 90' lang='lat' dir='ltr'>cum</span> <span class='ocrx_word' id='word_1_217' title='bbox 977 1909 1060 1948; x_wconf 89' lang='lat' dir='ltr'>suis</span> <span class='ocrx_word' id='word_1_218' title='bbox 1086 1909 1250 1960; x_wconf 81' lang='lat' dir='ltr'>quisque</span> <span class='ocrx_word' id='word_1_219' title='bbox 1279 1909 1453 1957; x_wconf 77' lang='lat' dir='ltr'>ducibus,</span> 
     </span>
     <span class='ocr_line' id='line_1_29' title="bbox 104 1971 1453 2023; baseline 0.001 -15"><span class='ocrx_word' id='word_1_220' title='bbox 104 1972 170 2023; x_wconf 85' lang='lat' dir='ltr'>qui</span> <span class='ocrx_word' id='word_1_221' title='bbox 204 1977 384 2023; x_wconf 81' lang='lat' dir='ltr'>cogerent</span> <span class='ocrx_word' id='word_1_222' title='bbox 417 1984 563 2022; x_wconf 86' lang='lat' dir='ltr'>agmen,</span> <span class='ocrx_word' id='word_1_223' title='bbox 594 1971 733 2009; x_wconf 83' lang='lat' dir='ltr'>leviter</span> <span class='ocrx_word' id='word_1_224' title='bbox 766 1972 914 2009; x_wconf 85' lang='lat' dir='ltr'>armati.</span> <span class='ocrx_word' id='word_1_225' title='bbox 976 1972 1123 2010; x_wconf 53' lang='lat' dir='ltr'>Contra</span> <span class='ocrx_word' id='word_1_226' title='bbox 1155 1971 1187 2009; x_wconf 90' lang='lat' dir='ltr'>si</span> <span class='ocrx_word' id='word_1_227' title='bbox 1215 1972 1304 2023; x_wconf 85' lang='lat' dir='ltr'>quis</span> <span class='ocrx_word' id='word_1_228' title='bbox 1334 1973 1453 2010; x_wconf 85' lang='lat' dir='ltr'>aciem</span> 
     </span>
     <span class='ocr_line' id='line_1_30' title="bbox 107 2034 1453 2087; baseline 0 -15"><span class='ocrx_word' id='word_1_229' title='bbox 107 2035 362 2072; x_wconf 86' lang='lat' dir='ltr'>Macedonum</span> <span class='ocrx_word' id='word_1_230' title='bbox 393 2035 622 2083; x_wconf 87' lang='lat' dir='ltr'>intueretur,</span> <span class='ocrx_word' id='word_1_231' title='bbox 645 2035 777 2085; x_wconf 87' lang='lat' dir='ltr'>dispar</span> <span class='ocrx_word' id='word_1_232' title='bbox 808 2035 908 2073; x_wconf 86' lang='lat' dir='ltr'>acies</span> <span class='ocrx_word' id='word_1_233' title='bbox 938 2039 1022 2073; x_wconf 86' lang='lat' dir='ltr'>erat</span> <span class='ocrx_word' id='word_1_234' title='bbox 1050 2035 1159 2087; x_wconf 85' lang='lat' dir='ltr'>equis</span> <span class='ocrx_word' id='word_1_235' title='bbox 1180 2034 1350 2086; x_wconf 87' lang='lat' dir='ltr'>virisque</span> <span class='ocrx_word' id='word_1_236' title='bbox 1378 2049 1453 2074; x_wconf 86' lang='lat' dir='ltr'>non</span> 
     </span>
     <span class='ocr_line' id='line_1_31' title="bbox 105 2098 1451 2150; baseline 0.001 -15"><span class='ocrx_word' id='word_1_237' title='bbox 105 2112 209 2146; x_wconf 85' lang='lat' dir='ltr'>auro,</span> <span class='ocrx_word' id='word_1_238' title='bbox 240 2112 313 2136; x_wconf 87' lang='lat' dir='ltr'>non</span> <span class='ocrx_word' id='word_1_239' title='bbox 350 2099 528 2137; x_wconf 85' lang='lat' dir='ltr'>discolori</span> <span class='ocrx_word' id='word_1_240' title='bbox 557 2104 677 2147; x_wconf 80' lang='lat' dir='ltr'>veste,</span> <span class='ocrx_word' id='word_1_241' title='bbox 707 2099 774 2136; x_wconf 86' lang='lat' dir='ltr'>sed</span> <span class='ocrx_word' id='word_1_242' title='bbox 807 2099 908 2137; x_wconf 88' lang='lat' dir='ltr'>ferro</span> <span class='ocrx_word' id='word_1_243' title='bbox 942 2103 1061 2150; x_wconf 77' lang='lat' dir='ltr'>atque</span> <span class='ocrx_word' id='word_1_244' title='bbox 1091 2111 1166 2137; x_wconf 56' lang='grc' dir='ltr'><strong>αξξ-ο</strong></span> <span class='ocrx_word' id='word_1_245' title='bbox 1199 2098 1451 2150; x_wconf 80' lang='lat' dir='ltr'>fulgentibus,</span> 
     </span>
     <span class='ocr_line' id='line_1_32' title="bbox 107 2161 1454 2214; baseline 0.001 -16"><span class='ocrx_word' id='word_1_246' title='bbox 107 2163 259 2212; x_wconf 85' lang='lat' dir='ltr'>Agmen</span> <span class='ocrx_word' id='word_1_247' title='bbox 288 2167 327 2199; x_wconf 85' lang='lat' dir='ltr'>et</span> <span class='ocrx_word' id='word_1_248' title='bbox 357 2167 459 2200; x_wconf 88' lang='lat' dir='ltr'>stare</span> <span class='ocrx_word' id='word_1_249' title='bbox 490 2168 678 2213; x_wconf 87' lang='lat' dir='ltr'>paratum,</span> <span class='ocrx_word' id='word_1_250' title='bbox 700 2167 739 2200; x_wconf 88' lang='lat' dir='ltr'>et</span> <span class='ocrx_word' id='word_1_251' title='bbox 761 2162 882 2214; x_wconf 87' lang='lat' dir='ltr'>sequi,</span> <span class='ocrx_word' id='word_1_252' title='bbox 901 2161 1013 2201; x_wconf 65' lang='lat'><strong>&#39;⁵1:20</strong></span> <span class='ocrx_word' id='word_1_253' title='bbox 1042 2161 1172 2210; x_wconf 60' lang='lat' dir='ltr'>turba,</span> <span class='ocrx_word' id='word_1_254' title='bbox 1193 2175 1262 2200; x_wconf 91' lang='lat' dir='ltr'>nec</span> <span class='ocrx_word' id='word_1_255' title='bbox 1295 2162 1454 2200; x_wconf 82' lang='lat' dir='ltr'>sarcinis</span> 
     </span>
     <span class='ocr_line' id='line_1_33' title="bbox 106 2225 1455 2277; baseline 0.001 -15"><span class='ocrx_word' id='word_1_256' title='bbox 106 2239 317 2277; x_wconf 74' lang='lat' dir='ltr'>praegrave,</span> <span class='ocrx_word' id='word_1_257' title='bbox 339 2225 527 2263; x_wconf 88' lang='lat' dir='ltr'>intentum</span> <span class='ocrx_word' id='word_1_258' title='bbox 549 2226 596 2263; x_wconf 86' lang='lat' dir='ltr'>ad</span> <span class='ocrx_word' id='word_1_259' title='bbox 617 2226 726 2264; x_wconf 88' lang='lat' dir='ltr'>ducis</span> <span class='ocrx_word' id='word_1_260' title='bbox 746 2239 821 2263; x_wconf 90' lang='lat' dir='ltr'>non</span> <span class='ocrx_word' id='word_1_261' title='bbox 841 2225 994 2277; x_wconf 82' lang='lat' dir='ltr'>signum</span> <span class='ocrx_word' id='word_1_262' title='bbox 1020 2225 1144 2273; x_wconf 64' lang='lat' dir='ltr'>modo,</span> <span class='ocrx_word' id='word_1_263' title='bbox 1167 2225 1233 2263; x_wconf 88' lang='lat' dir='ltr'>sed</span> <span class='ocrx_word' id='word_1_264' title='bbox 1254 2226 1369 2264; x_wconf 85' lang='lat' dir='ltr'>etiam</span> <span class='ocrx_word' id='word_1_265' title='bbox 1389 2239 1455 2263; x_wconf 88' lang='lat' dir='ltr'>nu—</span> 
     </span>
     <span class='ocr_line' id='line_1_34' title="bbox 107 2288 1450 2339; baseline 0.001 -14"><span class='ocrx_word' id='word_1_266' title='bbox 107 2295 197 2326; x_wconf 86' lang='lat' dir='ltr'>tum.</span> <span class='ocrx_word' id='word_1_267' title='bbox 259 2288 313 2326; x_wconf 78' lang='lat' dir='ltr'>Et</span> <span class='ocrx_word' id='word_1_268' title='bbox 333 2289 469 2326; x_wconf 74' lang='lat' dir='ltr'>castr1s</span> <span class='ocrx_word' id='word_1_269' title='bbox 498 2289 617 2337; x_wconf 84' lang='lat' dir='ltr'>locus,</span> <span class='ocrx_word' id='word_1_270' title='bbox 639 2295 677 2327; x_wconf 86' lang='lat' dir='ltr'>ct</span> <span class='ocrx_word' id='word_1_271' title='bbox 705 2289 891 2327; x_wconf 79' lang='lat' dir='ltr'>exercitui</span> <span class='ocrx_word' id='word_1_272' title='bbox 921 2294 1155 2326; x_wconf 86' lang='lat' dir='ltr'>commeatus</span> <span class='ocrx_word' id='word_1_273' title='bbox 1185 2289 1450 2339; x_wconf 82' lang='lat' dir='ltr'>suppetebant.</span> 
     </span>
     <span class='ocr_line' id='line_1_35' title="bbox 109 2351 1454 2403; baseline 0 -14"><span class='ocrx_word' id='word_1_274' title='bbox 109 2352 214 2403; x_wconf 73' lang='lat' dir='ltr'>Ergo</span> <span class='ocrx_word' id='word_1_275' title='bbox 237 2351 461 2390; x_wconf 81' lang='lat' dir='ltr'>Alexandro</span> <span class='ocrx_word' id='word_1_276' title='bbox 483 2352 520 2390; x_wconf 88' lang='lat' dir='ltr'>in</span> <span class='ocrx_word' id='word_1_277' title='bbox 541 2353 620 2391; x_wconf 85' lang='lat' dir='ltr'>acio</span> <span class='ocrx_word' id='word_1_278' title='bbox 641 2352 752 2390; x_wconf 91' lang='lat' dir='ltr'>miles</span> <span class='ocrx_word' id='word_1_279' title='bbox 773 2366 847 2391; x_wconf 89' lang='lat' dir='ltr'>non</span> <span class='ocrx_word' id='word_1_280' title='bbox 868 2352 1003 2390; x_wconf 83' lang='lat' dir='ltr'>defuit.</span> <span class='ocrx_word' id='word_1_281' title='bbox 1064 2352 1206 2390; x_wconf 89' lang='lat' dir='ltr'>Darius</span> <span class='ocrx_word' id='word_1_282' title='bbox 1227 2358 1355 2391; x_wconf 87' lang='lat' dir='ltr'>autem</span> <span class='ocrx_word' id='word_1_283' title='bbox 1375 2358 1454 2389; x_wconf 87' lang='lat' dir='ltr'>tan-</span> 
     </span>
     <span class='ocr_line' id='line_1_36' title="bbox 108 2415 1455 2467; baseline 0 -15"><span class='ocrx_word' id='word_1_284' title='bbox 108 2422 157 2453; x_wconf 75' lang='lat' dir='ltr'>1ae</span> <span class='ocrx_word' id='word_1_285' title='bbox 177 2415 440 2453; x_wconf 84' lang='lat' dir='ltr'>multitudiuis</span> <span class='ocrx_word' id='word_1_286' title='bbox 463 2416 562 2463; x_wconf 81' lang='lat' dir='ltr'>Rex,</span> <span class='ocrx_word' id='word_1_287' title='bbox 584 2416 670 2464; x_wconf 88' lang='lat' dir='ltr'>loci,</span> <span class='ocrx_word' id='word_1_288' title='bbox 688 2416 725 2453; x_wconf 90' lang='lat' dir='ltr'>in</span> <span class='ocrx_word' id='word_1_289' title='bbox 746 2429 819 2467; x_wconf 85' lang='lat' dir='ltr'>quo</span> <span class='ocrx_word' id='word_1_290' title='bbox 840 2416 1038 2467; x_wconf 84' lang='lat' dir='ltr'>pugnavit,</span> <span class='ocrx_word' id='word_1_291' title='bbox 1056 2417 1258 2467; x_wconf 69' lang='lat' dir='ltr'>augustiiS,</span> <span class='ocrx_word' id='word_1_292' title='bbox 1276 2415 1455 2455; x_wconf 82' lang='lat' dir='ltr'>redactus</span> 
     </span>
     <span class='ocr_line' id='line_1_37' title="bbox 109 2479 1138 2532; baseline 0.002 -16"><span class='ocrx_word' id='word_1_293' title='bbox 109 2485 164 2517; x_wconf 83' lang='lat' dir='ltr'>est</span> <span class='ocrx_word' id='word_1_294' title='bbox 189 2479 236 2517; x_wconf 83' lang='lat' dir='ltr'>ad</span> <span class='ocrx_word' id='word_1_295' title='bbox 258 2479 501 2530; x_wconf 81' lang='lat' dir='ltr'>paucitatem,</span> <span class='ocrx_word' id='word_1_296' title='bbox 523 2494 635 2532; x_wconf 84' lang='lat' dir='ltr'>quam</span> <span class='ocrx_word' id='word_1_297' title='bbox 657 2480 695 2518; x_wconf 85' lang='lat' dir='ltr'>in</span> <span class='ocrx_word' id='word_1_298' title='bbox 715 2480 823 2519; x_wconf 85' lang='lat' dir='ltr'>hoste</span> <span class='ocrx_word' id='word_1_299' title='bbox 847 2485 1138 2531; x_wconf 78' lang='lat' dir='ltr'>contempserat.</span> 
     </span>
    </p>
   </div>
  </div>
 </body>
</html>
