1583 2680
172 139 220 174 42
634 147 1040 178 QUINTICURTH

170 250 310 288 tarum,
331 253 460 278 remex
485 240 621 278 militis
654 240 774 278 officia
807 238 996 288 turbabat,
1018 245 1068 289 et,
1089 242 1192 293 quod
1219 242 1259 279 in
1286 242 1506 292 hujusmodi

169 316 259 340 casu
293 303 443 350 accidit,
478 303 593 353 periti
625 302 766 352 ignaris
800 302 1006 351 parebant;
1045 304 1187 355 quippe
1221 305 1505 356 gubernatores,

168 365 263 402 alias
293 365 481 415 imperare
510 365 628 412 soliti,
650 369 731 401 tum
757 368 864 401 metu
890 365 1026 403 mortis
1050 368 1159 416 jussa
1187 368 1502 419 exsequebantur.

169 427 342 464 Tandem
362 427 477 465 remis
497 427 732 477 pertinacius
753 427 1020 465 everberatum
1039 442 1154 478 mare,
1170 430 1294 469 veluti
1314 431 1503 481 eripienti-

166 490 238 528 bus
258 491 412 541 navigia
430 490 455 507 ²²
468 490 636 527 classicis
655 490 816 538 ²³cessit,
838 491 1072 543 appulsaque
1099 497 1188 531 sunt
1216 493 1352 542 littori,
1373 494 1503 533 24laec-

165 558 248 590 rata
268 553 458 603 pleraque.

248 617 306 652 14.
340 615 484 652 Iisdem
504 615 602 652 forte
632 614 767 653 diebus
799 614 1171 668 Carthaginiensium
1198 618 1316 668 legati
1344 618 1504 669 triginta

165 678 449 727 superveniunt,
466 679 590 727 majus
611 678 775 716 obsessis
795 678 972 717 solatium
991 681 1106 730 quam
1125 681 1333 718 auxilium:
1362 682 1502 732 quippe

167 740 375 793 domestico
408 740 508 778 bello
540 740 680 777 Poenos
707 740 732 757 ²⁵
746 740 936 791 impediri,
965 755 1035 780 nec
1064 743 1110 780 de
1140 743 1311 793 imperio,
1341 743 1408 781 sed
1434 756 1503 793 pro

162 803 287 840 salute
308 804 486 840 dimicare
518 803 760 841 nunciabant.
817 804 842 821 ²⁶
858 804 1087 855 Syracusani
1113 810 1197 843 tum
1217 805 1391 844 Africam
1421 819 1501 843 urc-

162 865 275 914 bant,
312 871 351 902 et
379 866 480 902 haud
513 866 646 916 procul
681 865 925 917 Carthaginis
957 868 1078 906 muris
1106 868 1328 907 locaverant
1364 873 1500 906 castra.

163 927 250 964 Non
281 933 407 965 tamen
428 928 599 966 defecere
630 929 766 966 animis
798 930 918 979 Tyrii,
939 944 1154 982 quanquam
1184 931 1232 970 ab
1262 931 1410 983 ingenti
1437 944 1502 983 spe

161 990 340 1027 destituti
368 996 486 1039 erant,
508 991 574 1028 sed
595 993 775 1043 conjuges
803 992 1020 1043 liberosque
1047 993 1287 1032 devehendos
1307 994 1504 1045 Carthagi-

160 1066 245 1090 nem
266 1053 523 1101 tradiderunt,
544 1054 569 1071 ²⁷
580 1054 722 1091 fortius
741 1054 930 1105 quidquid
949 1055 1136 1093 accideret
1154 1055 1283 1103 laturi,
1304 1057 1337 1094 si
1357 1056 1503 1094 carissi-

160 1129 259 1153 mam
280 1116 340 1153 sui
359 1120 507 1166 partem
537 1121 647 1154 extra
666 1117 875 1154 communis
905 1118 1066 1167 periculi
1096 1123 1237 1156 sortem
1266 1118 1499 1157 habuissent.

161 1178 338 1229 Cumque
366 1192 464 1216 unus
485 1192 504 1216 e
525 1179 672 1218 civibus
693 1180 870 1218 concione
900 1180 1118 1229 indicasset,
1138 1181 1305 1219 oblatam
1333 1194 1415 1219 esse
1434 1196 1502 1232 per

160 1254 332 1278 somnum
355 1242 427 1279 sibi
448 1242 609 1292 speciem
633 1242 837 1293 Apollinis,
858 1256 971 1294 quem
991 1243 1016 1260 ²⁸
1028 1244 1168 1281 eximia
1196 1243 1382 1295 religione
1406 1245 1501 1282 cole-

159 1310 254 1352 rent,
276 1305 409 1342 urbem
442 1305 672 1355 descrentis;
701 1306 914 1358 molemque
943 1320 964 1344 a
985 1307 1259 1345 Macedonibus
1286 1309 1430 1357 jactam
1461 1308 1500 1345 in

159 1368 249 1415 salo,
276 1368 315 1404 in
346 1367 571 1417 sylvestrem
602 1368 742 1406 saltum
773 1382 854 1407 esse
884 1374 1095 1407 mutatam:
1125 1374 1340 1421 quanquam
1370 1375 1501 1408 auctor

158 1430 289 1467 ²⁰]evis
310 1436 403 1478 erat,
425 1435 552 1468 tamen
572 1431 621 1469 ad
640 1431 832 1470 deteriora
860 1432 1049 1470 credenda
1075 1433 1186 1482 proni
1206 1438 1322 1481 metu,
1345 1433 1499 1471 ³⁰aurezt

158 1496 292 1530 catena
314 1493 517 1531 devinxere
546 1493 804 1542 simulacrum,
825 1507 976 1545 araeque
1006 1494 1200 1543 Herculis,
1220 1496 1329 1544 cujus
1348 1496 1496 1533 numini

157 1556 290 1593 urbem
323 1557 552 1604 dicaverant,
574 1557 766 1594 inseruere
786 1557 993 1606 vinculum,
1012 1557 1122 1608 quasi
1152 1557 1219 1595 illo
1248 1557 1331 1595 Deo
1352 1559 1496 1609 Apolli·

156 1632 242 1655 nem
262 1620 285 1635 ‘¹¹
298 1624 507 1656 retenturo.
566 1619 766 1670 Syracusis
787 1619 827 1657 id
847 1619 1092 1657 simulacrum
1120 1620 1354 1658 devexerant
1373 1621 1497 1670 Poeni,

156 1687 195 1718 ct
211 1682 248 1718 in
268 1680 292 1698 ³²
303 1683 446 1730 majore
466 1681 686 1719 locaverant
704 1682 843 1732 patria,
859 1682 1066 1733 multisque
1086 1682 1172 1719 aliis
1192 1683 1326 1732 spoliis
1345 1683 1496 1721 urbium

158 1758 179 1780 a
199 1748 317 1780 semet
337 1749 544 1794 captarum,
557 1756 632 1781 non
654 1743 923 1794 Carthaginem
943 1744 1077 1795 magiS,
1094 1745 1209 1795 quam
1227 1744 1371 1794 Tyrum
1392 1758 1495 1782 orua-

156 1811 300 1845 verant.

241 1872 295 1906 15.
327 1869 350 1886 ‘³³
367 1869 523 1907 Sacrum
556 1881 717 1919 quoque,
751 1868 866 1919 (quod
900 1868 1053 1919 quidem
1086 1868 1171 1906 Diis
1205 1869 1361 1907 minime
1392 1871 1496 1908 cordi

156 1946 238 1971 esse
258 1932 501 1982 crediderim)
521 1932 653 1969 multis
682 1932 831 1970 saeculis
860 1932 1130 1980 intermissum,
1151 1933 1348 1982 repetendi
1369 1939 1495 1971 aueto-

156 2010 216 2034 res
250 1996 406 2047 quidam
444 2000 562 2043 erant,
594 2000 638 2033 ut
670 1995 856 2046 ingenuus
888 2009 982 2045 puer
1020 1996 1186 2033 Saturno
1224 1996 1492 2035 immolaretur.

157 2060 268 2104 Quod
290 2059 529 2109 sacrilegium
549 2058 679 2097 verius
699 2059 815 2109 quam
837 2071 998 2105 sacrum,
1018 2058 1350 2110 Carthaginenses,
1372 2073 1394 2096 a
1413 2073 1494 2097 con-

156 2121 346 2159 ditoribus
380 2121 577 2169 traditum,
597 2134 718 2172 usque
738 2121 785 2158 ad
817 2121 1008 2159 excidium
1039 2121 1145 2159 urbis
1174 2134 1254 2159 sure
1286 2122 1422 2160 fecisse
1443 2122 1494 2160 di-

156 2190 313 2222 cuntur:
343 2197 385 2221 ae
405 2184 480 2221 nisi
500 2183 523 2201 ³⁴
537 2184 714 2223 Seniores
734 2183 984 2231 obstitissent,
1001 2197 1161 2235 quorum
1182 2185 1341 2223 consilio
1361 2190 1496 2222 cuncta

155 2248 377 2297 agebantur,
409 2247 685 2284 humanitatem
717 2247 800 2285 dira
831 2248 1052 2297 superstitio
1083 2248 1247 2285 vicisset.
1307 2247 1495 2287 Caetersnn

156 2311 338 2348 efficacior
371 2311 474 2348 omni
509 2315 589 2348 arte
622 2310 821 2348 imminens
853 2310 1070 2358 necessitas,
1101 2324 1175 2348 non
1209 2311 1352 2348 usitata
1383 2311 1496 2348 modi·

157 2375 344 2424 nramidia,
377 2374 443 2411 sed
478 2374 655 2425 quaedam
692 2374 805 2412 etiam
838 2387 936 2412 nova
966 2374 1181 2412 ³³admovit.
1242 2374 1418 2425 Namque
1448 2373 1496 2411 ad

159 2437 387 2486 implicanda
424 2437 575 2488 navigia
611 2451 696 2488 qum
735 2450 862 2475 muros
900 2437 1090 2486 subibant,
1130 2437 1269 2475 validis
1307 2436 1496 2474 asseribus
