1583 2680
498 190 657 215 mann
699 190 778 215 111.
823 190 935 215 CAP.
978 190 1047 215 vr.
1402 181 1442 215 10

105 294 226 332 posse.
283 281 405 327 Quem
433 281 582 333 signum
613 281 790 319 daturum
817 281 1086 333 fugientibus?
1125 294 1237 333 quem
1266 294 1444 320 ausurum

105 343 328 383 Alexandro
348 344 546 383 succedere
561 345 579 383 ἱ)
646 346 658 363 ⁶
674 345 704 384 J
706 358 767 383 am
784 349 829 383 ut
847 345 896 382 ad
915 344 1206 395 Hellespontum
1224 344 1318 396 fuga
1337 357 1446 394 pene-

103 411 262 456 trarent,
281 407 437 446 classem
454 410 529 460 quia.
544 412 747 457 transeant,
761 421 871 460 quem
884 413 1182 458 praeparaturum
1193 407 1241 445 ‘3²’
1296 407 1446 445 Rursus

102 469 142 507 in
174 470 301 520 ipsum
332 471 480 522 Regem
507 471 766 510 misericordi-51
793 475 916 520 versa,
947 471 1086 509 “illum
1112 471 1243 509 florem
1267 471 1443 521 juventas,

103 533 212 570 illam
230 534 308 571 vim
327 535 454 583 animi,
476 534 671 573 ⁷eumdem
685 534 831 586 Regem
847 539 885 572 et
903 534 1196 573 commilitonem
1215 533 1347 572 divelli
1368 546 1390 570 a
1406 546 1444 571 so

102 600 141 633 ct
159 595 323 646 abripi,''
342 597 582 635 immemores
602 597 662 635 sui
688 597 950 648 querebantur.

186 662 243 698 12.
273 659 384 698 Inter
413 659 495 699 haec
527 659 690 698 liberius
707 672 833 698 meare
861 659 1018 710 spiritus
1037 665 1225 710 coeperat3
1257 659 1445 697 allevabat

101 721 189 759 Rex
207 722 346 772 oculos,
366 727 406 761 et
424 723 609 774 paulatim
626 723 810 761 redeunte
839 724 976 772 animo,
996 723 1286 761 circumstantes
1305 721 1445 759 amicos

100 791 328 835 agnoverat:
357 786 556 837 laxataque
575 785 634 824 vis
666 786 788 825 morbi
808 786 856 825 ob
874 785 944 824 hoc
973 785 1094 824 solum
1121 785 1335 833 videbatur,
1355 784 1445 835 quia

101 847 403 898 magnitudinem
439 849 532 886 mali
571 848 768 886 sentiebat.
843 848 1052 886 “Animum
1097 853 1225 885 autem
1260 847 1444 898 aegritudo

102 910 271 960 corporis
289 911 474 962 urgebat:
515 911 654 962 quippe
674 910 833 948 Darium
851 910 984 961 quinto
1004 910 1067 948 die
1087 912 1099 929 ⁰
1112 910 1150 947 in
1171 909 1348 948 Ciliciam
1365 909 1445 947 fore

100 973 361 1012 nunciabatur.
401 977 422 995 “
440 973 626 1012 Vinctum
642 986 729 1024 crgo
749 986 789 1011 se
802 973 914 1021 tradi,
935 977 973 1010 et
985 977 1129 1010 tantam
1140 973 1338 1010 victoriam
1349 972 1444 1022 eripi

101 1035 175 1072 sibi
204 1047 225 1072 e
257 1035 441 1084 manibus,
473 1035 703 1086 obscuraque
734 1040 774 1072 ct
803 1035 961 1086 ignobili
991 1040 1111 1073 morte
1139 1035 1179 1072 in
1205 1035 1445 1073 tabernaculo

100 1097 273 1149 extingui
292 1098 369 1146 se,”
387 1098 625 1149 querebatur.
681 1097 947 1148 Admissisque
967 1098 1099 1136 amicis
1115 1098 1258 1148 pariter
1273 1103 1312 1136 et
1330 1098 1445 1136 medi-

100 1160 176 1199 cis:
207 1160 293 1198 “In
310 1173 384 1212 quo
402 1161 499 1209 me‚’'
519 1160 654 1212 inquit,
690 1162 747 1182 ¹⁰“
764 1160 925 1198 articulo
951 1172 1075 1198 rerum
1103 1161 1274 1198 mearum
1292 1162 1447 1199 fortuna

101 1223 398 1273 deprehenderit,
418 1223 583 1262 cernitis.
625 1223 835 1274 Strepitum
852 1223 1050 1261 hostilium
1064 1236 1251 1261 armorum
1266 1223 1445 1262 exaudire

100 1286 194 1324 mihi
212 1287 366 1325 videor:
395 1292 435 1325 et
452 1286 519 1338 qui
537 1286 638 1325 ultro
657 1286 773 1324 intuli
791 1286 944 1334 bellum,
960 1288 1041 1336 jam
1058 1299 1249 1337 provocor.
1305 1287 1445 1325 Darius

103 1362 204 1401 crgo,
225 1353 310 1388 cum
332 1351 356 1369 ¹¹
372 1354 451 1388 tam
471 1350 653 1401 superbas
681 1350 835 1388 litteras
853 1349 1049 1396 scriberet,
1077 1351 1103 1368 ¹²
1116 1350 1306 1387 fortunam
1325 1363 1445 1388 meam

101 1412 142 1450 in
173 1413 330 1451 consilio
359 1413 517 1463 habuit;
551 1413 617 1452 sed
647 1413 913 1464 nequidquam,
943 1413 979 1451 si
1009 1412 1104 1450 mihi
1138 1413 1335 1451 ¹³arbitrio
1363 1427 1445 1451 meo

101 1476 226 1514 curari
244 1475 343 1514 licet.
400 1475 523 1514 Lenta.
552 1475 720 1514 remedia
738 1480 777 1513 et
795 1488 928 1527 segnes
957 1475 1123 1513 medicos
1151 1489 1227 1514 non
1247 1481 1447 1526 expectant

101 1544 274 1589 tempora
291 1552 384 1577 mea.
415 1539 493 1577 Vel
512 1539 609 1576 mori
624 1540 790 1586 strenue,
806 1540 923 1589 quam
936 1538 1049 1576 tarde
1065 1539 1336 1588 convalescere,
1352 1540 1447 1578 mihi

102 1601 242 1639 melius
274 1606 343 1638 cst.
400 1601 580 1649 Proinde,
613 1602 646 1639 si
676 1601 769 1652 quid
796 1601 890 1651 opis,
918 1601 951 1638 si
983 1601 1076 1652 quid
1102 1602 1196 1639 artis
1225 1602 1263 1639 in
1289 1603 1446 1641 medicis

104 1669 174 1712 cst,
194 1664 328 1712 sciant,
349 1664 445 1702 ¹⁴me
476 1676 551 1701 non
582 1668 662 1701 tam
690 1663 838 1711 mortis,
856 1665 971 1714 quam
1001 1664 1095 1701 belli
1121 1665 1331 1703 remedium
1348 1680 1446 1717 quae·

102 1727 224 1765 rcre.”
278 1726 478 1778 Ingentem
494 1727 668 1765 omnibus
682 1727 889 1764 incusserat
907 1739 1035 1764 curam
1054 1731 1133 1764 tam
1151 1739 1316 1777 praeccps
1334 1733 1446 1766 teme-

102 1789 198 1827 ritas
233 1790 324 1839 ejus.
381 1788 486 1840 Ergo
521 1801 589 1839 pro
627 1802 667 1826 se
699 1788 860 1839 quisque
892 1789 1040 1838 precari
1071 1792 1228 1840 coepere,
1267 1793 1349 1828 “ne
1376 1792 1446 1829 fes-

104 1851 291 1890 tinatione
322 1852 531 1902 periculum
557 1857 726 1903 augeret,
760 1851 828 1890 sed
857 1853 997 1890 ¹⁶esset
1024 1851 1064 1889 in
1083 1857 1271 1902 potestate
1299 1854 1446 1892 meden-

103 1915 210 1954 tium.
278 1914 483 1966 Inexperta
511 1915 678 1953 remedia
706 1914 809 1952 haud
840 1915 982 1965 injuria.
1017 1915 1111 1965 ipsis
1143 1928 1225 1953 csse
1259 1922 1445 1967 suspecta,

103 1979 193 2016 enm
219 1977 269 2016 ad
295 1977 502 2028 perniciem
541 1979 623 2028 ejus
652 1978 771 2016 etiam
799 1991 822 2016 a
849 1977 970 2016 latere
1000 1978 1121 2029 ipsius
1152 1979 1314 2029 pecunia
1346 1979 1446 2017 solli-

104 2039 241 2078 citaret
275 2039 458 2079 hostis:''
495 2040 688 2092 ¹⁸(quippe
724 2040 869 2079 Darius
895 2041 1002 2078 mille
1029 2041 1178 2079 talenta
1214 2041 1443 2080 interfectori

104 2102 317 2141 Alexandri
335 2103 514 2141 daturum
533 2116 574 2141 se
590 2103 833 2154 pronunciari
857 2104 1055 2155 jusserat),
1086 2107 1109 2126 “
1127 2104 1253 2155 itaque
1272 2117 1319 2142 ne
1339 2118 1435 2143 ausu

105 2178 191 2203 rum
215 2165 370 2216 quidem
395 2179 621 2217 quemquam
637 2167 658 2186 ”
686 2166 968 2205 arbitrabantur
997 2167 1200 2217 “experiri
1227 2167 1444 2213 remedium,

104 2227 206 2278 quod
223 2233 376 2279 propter
393 2229 602 2267 novitatem
617 2233 746 2279 posset
764 2241 845 2267 csse
865 2230 1114 2279 suspectum.''

184 2289 261 2330 VI.
294 2293 350 2329 13.
380 2291 478 2330 Erat
510 2291 608 2330 inter
638 2291 786 2330 nobiles
813 2292 979 2330 medicos
999 2305 1019 2329 c
1048 2292 1272 2330 Macedoni-:t
1301 2293 1443 2341 Regem

106 2358 256 2391 secutus
288 2352 503 2404 Philippus,
533 2354 685 2392 natione
720 2354 909 2403 Acarnan,
946 2354 1045 2392 fidus
1080 2354 1281 2392 admodum
1318 2353 1442 2404 Regi3

108 2416 248 2466 'puero
267 2427 403 2464 comes,
431 2421 471 2454 et
502 2421 631 2454 custos
662 2416 798 2454 salutis
824 2416 947 2464 datus,
966 2429 1040 2454 non
1072 2422 1117 2454 ut
1148 2417 1293 2466 Regem
1320 2415 1444 2463 modo,

106 2477 174 2516 sed
206 2477 323 2516 etiam
355 2482 399 2515 ut
431 2477 622 2516 alumnum
654 2478 797 2516 eximia
833 2478 1016 2516 charitate
1052 2478 1245 2529 diligebat.
1303 2477 1344 2515 Is
1370 2490 1444 2516 non
