1583 2680
152 115 223 151 122
607 126 788 158 QUINTI
831 126 1013 151 cnn'rn

147 217 269 268 nisse3
300 217 455 269 dignam
473 231 520 256 ex
537 221 614 270 qua
633 218 713 268 ipse
731 218 841 269 regni
859 222 1056 269 generaret
1082 217 1261 257 haeredes.
1344 218 1480 257 Foemi-

145 280 226 318 nini
247 282 270 298 ¹⁰
284 284 401 319 sextis
420 294 460 320 se
481 282 503 299 ¹¹
517 286 764 329 retenturam,
783 294 925 319 marem
943 281 1178 319 reddituram
1197 281 1309 332 patri.
1365 282 1481 320 Alex-

145 343 273 392 ander,
293 356 342 381 an
360 357 447 382 eum
464 344 547 394 ipso
564 344 731 382 militare
750 344 877 392 vellet,
898 344 1133 395 interrogat,
1165 349 1204 381 et
1230 344 1307 393 illa,
1327 349 1481 382 causata

145 405 224 443 sine
244 406 399 444 custode
418 419 574 458 regnum
592 406 802 457 reliquisse,
819 411 949 457 petere
975 407 1240 456 perseverabat
1266 420 1313 444 ne
1333 419 1372 445 se
1392 408 1415 424 ¹²
1433 407 1480 443 ir-

143 469 256 506 ritam
275 469 356 518 spei
374 473 566 519 pateretur
584 469 698 508 abire.
741 469 881 507 Aerior
895 469 944 507 ad
959 469 1146 508 Venerem
1159 470 1323 508 foeminae
1336 469 1482 519 cupido,

143 533 257 581 quam
275 532 408 583 Regis,
428 537 472 569 ut
490 545 630 582 paucos
657 532 739 570 dies
766 532 1000 581 subsisteret,
1020 533 1198 583 perpulit.
1268 532 1381 570 XIII
1400 531 1483 568 dies

143 593 182 630 in
201 594 422 645 obsequium
442 594 622 633 desiderii
642 596 724 645 ejus
742 595 933 646 absumpti
952 600 1049 634 sunt.
1107 596 1205 633 Tum
1232 595 1301 632 illa
1327 607 1482 645 regnum

143 668 265 704 suum,
285 656 374 694 Rex
401 657 658 706 Parthienem,
678 658 906 708 petiverunt.

221 719 295 757 VI.
331 722 386 758 14.
417 720 497 758 Hie
525 722 614 759 vere
643 721 773 770 palam
794 723 804 739 ¹
821 721 1047 770 cupiditates
1081 733 1168 758 suas
1199 720 1337 758 solvit:
1366 721 1470 758 conti

142 783 381 834 nentiamque
413 789 453 821 et
483 784 792 833 moderationem,
825 785 837 803 ²
850 785 890 822 in
926 784 1113 822 altissima
1144 788 1294 835 quaque
1329 785 1485 823 fortuna

143 845 345 883 eminentia
376 846 485 894 bona,
505 846 546 883 in
577 847 797 896 superbiam
828 859 872 884 ac
903 847 1099 886 lasciviam
1128 848 1256 886 vertit.
1330 848 1485 886 Patrios

141 921 265 947 mores
284 908 600 960 disciplinamque
620 909 871 948 Macedonum
898 910 1050 961 Regum
1070 910 1275 949 salubriter
1303 915 1485 962 tempera-

142 977 231 1020 tam,
252 977 291 1009 et
310 972 321 989 ³
336 971 486 1010 civilem
514 971 698 1021 habitum,
715 972 821 1011 velut
849 972 991 1011 leviora
1018 973 1285 1023 magnitudine
1318 977 1388 1013 sua
1421 974 1485 1012 du-

142 1027 250 1084 cens,
261 1035 429 1073 Persieae
446 1034 563 1086 regiae
589 1048 659 1085 par
676 1035 845 1073 Deorum
862 1036 1044 1086 potentiae
1062 1036 1259 1087 fastigium
1286 1036 1485 1075 aemulaba-

142 1103 216 1136 tur.
259 1098 289 1136 J
291 1111 398 1136 acere
415 1097 521 1135 humi
534 1098 823 1137 venerabundos
842 1098 967 1149 ipsum
985 1099 1066 1148 pati
1084 1099 1209 1149 coepit,
1225 1099 1486 1151 paulatImque

141 1162 153 1179 ⁴¹
168 1161 370 1200 servilibus
387 1161 611 1199 ministeriis
628 1165 687 1199 tot
700 1161 864 1199 victores
882 1162 1056 1213 gentium
1070 1161 1249 1211 imbuere,
1270 1167 1309 1200 et
1323 1163 1485 1213 captivis

143 1237 252 1275 pares
271 1224 396 1262 faeere
415 1224 626 1274 expetebat.
672 1223 808 1276 Itaque
826 1237 1058 1274 purpureum
1070 1224 1244 1262 diadema
1262 1225 1486 1264 distinctum

142 1287 240 1335 albo,
260 1287 369 1338 quale
387 1286 528 1325 Darius
546 1286 744 1336 habuerat,
758 1287 872 1338 capiti
888 1287 1146 1336 circumdedit,
1161 1292 1379 1339 vestemque
1395 1289 1486 1327 Per-

143 1349 261 1387 sicam
279 1349 440 1400 sumpsit
455 1362 464 1388 :
492 1362 540 1387 ne
556 1363 665 1388 omen
683 1350 836 1401 quidem
855 1350 1016 1398 veritus,
1037 1350 1138 1402 quod
1156 1364 1179 1388 a
1197 1351 1355 1389 victoris
1372 1351 1486 1402 insig-

141 1413 254 1451 nibus
268 1413 308 1450 in
327 1413 467 1452 devicti
480 1413 662 1451 transiret
672 1413 856 1452 habitum.
895 1413 950 1451 Et
968 1414 1035 1451 ille
1053 1427 1094 1452 se
1108 1414 1259 1464 quidem
1279 1415 1487 1452 Persarum

143 1476 265 1526 spolia
292 1481 441 1528 gestare
467 1476 627 1526 dicebat,
657 1477 724 1514 sed
753 1490 839 1515 eum
871 1477 950 1515 illis
967 1489 1114 1528 quoque
1143 1489 1267 1515 mores
1285 1477 1487 1516 induerat:

143 1539 429 1589 superbiamque
457 1539 616 1578 habitus
646 1539 764 1577 animi
794 1539 996 1577 insolentia
1027 1539 1261 1591 sequebatur.
1317 1539 1489 1578 Litteras

142 1613 301 1652 quoque,
320 1614 414 1652 quas
433 1601 472 1639 in
487 1601 680 1652 Europam
698 1603 876 1651 mitteret,
895 1601 1039 1641 veteris
1058 1602 1189 1640 annuli
1203 1604 1352 1654 gemma
1367 1602 1489 1654 obsig-

142 1663 279 1702 nabat:
307 1664 367 1712 iis,
386 1677 480 1715 quas
498 1664 538 1702 in
556 1665 692 1703 Asiam
719 1665 910 1714 scriberet,
930 1665 1041 1703 Darii
1067 1665 1229 1703 annulus
1254 1665 1489 1715 imprimeba-

143 1731 218 1775 tur,
237 1727 304 1764 ⁶ut
322 1731 534 1777 appareret,
553 1740 672 1765 unum
691 1728 858 1766 animum
878 1727 1038 1766 duorum
1051 1740 1128 1765 non
1141 1740 1272 1778 capere
1284 1728 1487 1766 fortunam.

143 1789 301 1828 Amicos
319 1791 409 1828 vero
438 1794 478 1828 et
508 1790 665 1840 equites,
684 1803 830 1841 unaque
859 1790 919 1827 his
949 1790 1139 1839 principes
1168 1789 1346 1838 militum,
1367 1803 1490 1840 asper-

147 1858 279 1890 nantes
298 1852 451 1904 quidem
470 1852 538 1891 sed
556 1865 728 1891 recusare
746 1865 821 1890 non
848 1865 970 1900 ausos,
992 1852 1156 1890 Persicis
1183 1857 1385 1890 ornaverat
1411 1865 1490 1891 ves-

152 1915 259 1953 nibus.

230 1981 287 2016 15.
318 1978 416 2017 Haeo
434 1978 527 2016 luxu
545 1983 586 2017 et
614 1978 824 2030 peregrinis
854 1977 993 2016 infecta
1018 1977 1198 2026 moribus,
1217 1982 1368 2016 veteres
1400 1978 1492 2016 Phi·

165 2040 241 2090 ippi
269 2040 422 2088 milites,
442 2041 550 2079 rudis
578 2041 683 2079 natio
714 2041 763 2078 ad
792 2040 1018 2091 voluptates,
1038 2040 1164 2090 palam
1196 2040 1490 2080 aversabantur:

167 2102 312 2152 otisque
331 2103 466 2141 castris
485 2117 582 2141 unus
597 2104 764 2142 omnium
783 2115 915 2142 sensus
933 2116 975 2141 ac
994 2116 1116 2141 sermo
1128 2108 1223 2152 erat,
1240 2106 1262 2125 “
1278 2103 1365 2154 plus
1383 2104 1492 2142 amis-

159 2178 229 2202 ·um
247 2164 418 2214 victoria,
438 2168 553 2217 quium
571 2167 673 2206 bello
690 2167 893 2218 quaesitum
912 2179 1002 2205 esse.
1057 2156 1182 2204 ἑ’Τιιιιι
1201 2167 1363 2204 maximo
1391 2167 1493 2214 vinci

147 2227 260 2277 ipsos,
281 2227 440 2279 dedique
459 2228 592 2267 alienis
612 2231 781 2268 moribus
807 2235 847 2269 et
877 2229 1068 2268 externis:
1099 2231 1108 2247 ⁷
1126 2236 1242 2269 tantae
1267 2243 1384 2269 morte
1412 2244 1492 2281 pre-

147 2291 256 2339 tium,
276 2290 406 2329 domos
425 2292 532 2343 quasi
561 2292 600 2330 in
630 2294 778 2343 captivo
807 2293 942 2331 habitu
971 2306 1214 2332 reversuros:
1243 2293 1387 2344 pudere
1413 2295 1493 2343 jam

147 2357 208 2392 sui
226 2367 234 2393 :
264 2356 424 2406 Regem,
444 2355 557 2393 vietis
574 2357 687 2407 quam
707 2357 919 2395 victoribus
939 2356 1170 2405 similiorem,
1190 2370 1237 2395 ex
1256 2356 1494 2395 Macedonico

149 2417 377 2469 imperatore
397 2417 505 2457 Darii
526 2419 724 2470 Satrapem
744 2421 923 2459 factun1.’'
979 2419 1053 2458 Ille
1071 2433 1145 2459 non
1164 2420 1318 2472 ignarus
1336 2424 1376 2458 et
1393 2418 1493 2471 prin·
