1583 2680
509 167 671 193 Lmen
709 167 780 192 1x.
825 167 935 193 car.
979 168 1048 193 1v.
1371 158 1446 196 225

106 263 298 307 cremant,
329 259 433 309 quod
460 260 549 297 eum
578 259 652 310 ipsi
680 264 874 310 augerent,
895 259 1024 298 hostes
1052 260 1330 311 extinguerent,
1350 274 1444 301 nova

105 322 228 359 forma
247 335 387 373 pugnae
407 327 500 361 erat.
556 323 568 340 ⁶
584 322 776 361 Delebant
804 323 937 362 incolae
955 323 1101 372 urbem,
1121 323 1252 362 hostes
1272 324 1444 364 defende-

104 384 216 422 bant:
246 385 342 423 adeo
362 386 480 435 etiam
511 390 660 424 naturae
687 388 778 436 jura
807 386 952 425 bellum
983 386 1023 424 in
1043 387 1276 424 contrarium
1306 394 1442 426 mutat.

103 447 188 485 Arx
217 453 300 486 erat
331 448 462 499 oppidi
491 449 646 497 intacta,
668 450 708 487 in
740 453 818 501 qua.
838 449 1059 500 praesidium
1079 449 1296 501 dereliquit.
1354 451 1443 501 Ipse

101 511 251 562 navigio
281 511 559 550 circumvectus
590 518 649 550 est
680 525 828 550 arcem:
868 512 1035 564 ‘quippe
1065 513 1141 550 tria
1170 513 1338 560 flumina,
1360 518 1443 552 tota

101 573 218 612 India
254 580 395 625 praeter
429 575 601 626 Gangem
638 576 818 624 maxima,
848 576 1082 614 munimento
1120 577 1218 614 arcis
1250 578 1444 627 applicant

99 637 233 675 undas.
289 639 329 676 A
367 639 636 690 Septentrione
676 639 800 678 Indus
838 639 961 690 alluit,
995 653 1017 678 a
1054 639 1220 678 Meridie
1257 641 1442 679 Acesines

102 700 281 752 Hydaspi
301 703 556 740 confunditur.

185 767 242 802 11.
276 765 473 804 Caeterum
510 766 678 804 amnium
716 766 840 804 coitus
877 766 1082 804 maritimis
1120 766 1267 805 similes
1303 767 1442 805 fluctus

100 833 239 875 movet,
267 828 465 880 multoque
501 841 544 866 ac
577 829 732 867 turbido
766 829 870 877 limo,
903 829 1006 880 quod
1042 843 1226 880 aquarum
1257 843 1442 868 concursu

101 891 263 929 subinde
292 891 482 941 turbatur,
503 893 514 910 ⁷
528 893 613 940 iter,
633 893 709 944 qua
729 898 857 930 meant
875 892 1040 944 navigia,
1060 893 1100 930 in
1119 898 1273 931 tenuem
1292 893 1442 932 alveum

99 954 260 1005 cogitur.
318 955 458 1006 Itaque
487 956 577 993 cum
609 956 731 994 crebri
749 956 887 993 fluetus
908 969 948 994 se
968 956 1200 1005 inveherent,
1223 961 1262 994 et
1286 957 1441 995 navium

99 1017 187 1055 hinc
218 1031 364 1068 proras,
384 1019 473 1056 hinc
506 1019 630 1057 latera
658 1019 868 1069 pulsarent,
899 1019 1136 1058 ‘subducere
1167 1025 1296 1059 nautae
1325 1033 1442 1071 coepe·

99 1085 199 1117 runt.
257 1081 334 1119 Sed
365 1081 599 1119 ”ministeria
626 1095 768 1130 eorum,
789 1082 877 1119 hinc
910 1087 1027 1130 metu,
1047 1082 1134 1119 hine
1153 1083 1368 1134 praerapida
1388 1097 1442 1122 ce-

100 1143 255 1181 leritate
273 1143 471 1182 fluminum
492 1150 738 1195 occupantur.
796 1144 844 1182 In
864 1145 985 1182 oculis
1013 1145 1089 1183 duo
1110 1147 1255 1195 majora
1274 1147 1443 1185 omnium

99 1207 249 1259 navigia
268 1207 463 1246 submersa
482 1213 592 1246 sunt:
621 1208 765 1246 leviora
783 1209 871 1246 cum
891 1213 931 1246 et
959 1208 1042 1258 ipsa
1068 1209 1272 1259 nequirent
1291 1210 1382 1260 rogi,
1404 1210 1442 1247 in

99 1270 222 1321 ripam
255 1275 382 1309 tamen
414 1273 438 1290 ¹⁰
450 1271 610 1309 innoxia
630 1271 789 1322 expulsa.
809 1276 908 1309 sunt.
968 1271 1058 1322 Ipse
1089 1271 1179 1310 Rex
1213 1272 1252 1310 in
1284 1273 1441 1323 rapidis-

100 1333 215 1372 simos
234 1335 400 1372 vortices
419 1335 576 1384 ineidit;
607 1335 748 1386 quibus
775 1334 921 1372 intorta
939 1335 1058 1383 navis,
1080 1335 1237 1386 obliqua
1264 1342 1304 1373 et
1334 1338 1356 1354 ¹¹
1377 1351 1442 1387 gu-

99 1397 293 1435 bernaculi
323 1398 538 1449 impatiens,
558 1398 752 1449 agebatur.
798 1398 904 1436 ·Jam
932 1403 1080 1436 vestem
1113 1398 1335 1437 detraxerat
1363 1414 1442 1438 eor-

99 1460 195 1510 pori,
215 1462 456 1511 projecturus
476 1466 596 1499 semet
615 1461 654 1498 in
668 1461 819 1509 flumen,
835 1461 1022 1512 amicique
1038 1466 1083 1499 ut
1103 1462 1325 1512 exciperent
1344 1476 1442 1511 eum,

99 1523 202 1561 haud
230 1524 364 1574 procul
391 1524 557 1562 nabant:
588 1525 613 1542 ¹²
627 1524 910 1575 apparebatque
944 1537 1084 1574 anceps
1118 1525 1343 1575 periculum,
1364 1532 1442 1564 tam

100 1586 281 1635 nataturi,
309 1587 426 1637 quam
458 1587 640 1637 navigare
674 1587 967 1636 perseverantis.
1039 1586 1144 1636 Ergo
1182 1587 1329 1638 ingenti
1367 1602 1441 1626 cer-

101 1649 244 1686 tamine
275 1649 468 1686 concitant
498 1661 634 1698 remos,
661 1653 878 1699 quantaque
896 1647 954 1685 vis
983 1647 1150 1686 humana
1179 1661 1262 1686 esse
1290 1654 1443 1699 poterat

100 1711 256 1749 admota
293 1717 363 1759 est,
397 1717 441 1749 ut
472 1711 623 1759 fluetus,
657 1711 724 1762 qui
761 1724 801 1748 se
838 1710 1078 1760 invehebant,
1115 1711 1439 1751 everberarentur.

102 1775 218 1813 Findi
237 1775 411 1813 crederes
431 1775 565 1823 undas,
586 1781 626 1812 et
653 1775 758 1812 retro
776 1775 952 1826 gurgites
980 1774 1126 1812 cedere.
1185 1774 1334 1820 Quibus
1363 1782 1440 1814 tan-

101 1839 188 1876 dem
206 1839 314 1877 navis
334 1844 476 1889 erepta,
492 1851 568 1876 non
587 1843 715 1876 tamen
729 1838 824 1888 ripae
843 1838 1070 1888 applicatur,
1084 1837 1150 1876 sed
1168 1838 1205 1875 in
1225 1839 1440 1888 proximum

100 1901 241 1940 vadum
268 1902 447 1940 illiditur.
506 1901 604 1941 Cum
636 1915 743 1939 amne
777 1901 920 1939 bellum
939 1901 1057 1938 fuisse
1087 1901 1270 1939 crederes.
1332 1902 1438 1954 Ergo

101 1965 178 2003 aris
206 1978 275 2015 pro
293 1978 453 2004 numero
472 1965 671 2003 fluminum
691 1965 839 2015 positis,
861 1965 1122 2015 sacrificioque
1143 1965 1258 2013 facto,
1281 1965 1440 2017 triginta

102 2027 226 2065 stadia
244 2028 441 2078 processit.

186 2093 243 2127 12.
274 2090 372 2128 Inde
404 2096 562 2129 ventum
592 2096 652 2128 est
682 2091 720 2127 in
755 2089 946 2141 regionem
984 2089 1275 2140 Oxydracarum
1306 2091 1439 2130 Mallo·

102 2166 286 2204 rumque3
315 2166 410 2204 quos
443 2153 540 2191 alias
572 2153 714 2191 bellare
746 2153 845 2190 inter
879 2165 920 2190 sc
951 2152 1096 2201 solitos,
1118 2158 1211 2191 tunc
1241 2155 1440 2205 ¹'periculi

104 2217 268 2255 societas
295 2218 489 2266 junxerat.
561 2215 782 2266 Nonaginta
813 2215 936 2253 millia
963 2216 1159 2266 juniorum
1191 2217 1365 2268 peditum
1399 2219 1438 2255 in

104 2280 221 2318 armis
241 2284 360 2316 erant.
419 2279 569 2317 Praeter
596 2278 665 2316 hos
684 2279 855 2330 equitum
874 2279 1004 2317 decem
1023 2279 1146 2317 millia
1164 2286 1440 2332 nongentaeque

103 2343 307 2394 quadrigae.
365 2343 423 2380 At
457 2342 698 2390 Macedones,
731 2343 797 2394 qui
835 2343 857 2360 ¹⁴
870 2343 971 2380 omni
1008 2343 1228 2381 discrimine
1262 2346 1343 2393 jam
1378 2344 1441 2381 de-

103 2408 258 2446 functos
292 2419 331 2443 se
365 2419 447 2443 esse
478 2406 741 2454 crediderant,
753 2407 955 2457 postquam
975 2406 1166 2457 integrum
1195 2407 1336 2445 bellum
1356 2420 1440 2444 cum

105 2470 351 2508 ferocissimis
373 2469 498 2507 Indiae
517 2469 694 2507 “entibus
721 2482 920 2520 superesse
949 2475 1219 2520 coguoverunt,
1240 2470 1440 2519 improvise
