1583 2680
152 174 203 209 22
275 200 281 201 ff
617 184 801 217 QUINTI
843 185 1024 210 cumn

150 276 253 327 bant,
269 276 335 314 alii
349 277 494 315 frustra
508 277 814 329 exsequebantur
829 289 836 315 :
857 278 946 329 quia
960 278 1027 316 ubi
1042 283 1170 329 partes
1186 278 1328 327 labant,
1345 292 1492 317 summa

150 340 337 379 turbatur.

229 404 304 443 IX.
335 408 394 443 22.
426 405 543 444 Acies
563 411 687 444 autem
703 406 773 443 hoe
788 406 901 443 modo
924 407 933 423 ²
949 405 1070 444 stetit.
1129 405 1374 444 Nabarzanes
1390 407 1490 458 equi-

150 472 234 505 tatu
262 469 440 506 dextrum
469 483 586 507 cornu
620 469 810 519 tuebatur,
830 470 974 507 additis
1008 469 1248 507 funditorum
1281 471 1490 520 sagittari-o-

148 545 308 583 rumque
338 533 477 583 viginti
508 534 627 570 ferme}
660 533 844 571 millibus,
902 533 952 571 In
982 533 1115 571 eodem
1149 533 1366 583 Thymodes
1398 539 1489 581 erat,

150 595 297 634 Graecis
315 597 512 646 peditibus
531 597 703 635 mercede
722 597 923 635 conductis
944 597 1105 648 triginta
1123 597 1293 635 millibus
1312 597 1489 647 praeposi-

147 664 220 696 tus.
281 660 368 697 Hoc
387 665 471 697 erat
490 660 592 698 haud
613 661 773 699 dubium
798 660 916 699 robur
935 660 1144 710 exercitus,
1163 674 1232 710 par
1252 660 1490 698 Macedoniae

145 723 327 773 phalangi
347 725 457 761 acies.
515 724 564 761 In
582 724 678 763 laevo
699 737 817 762 cornu
836 724 1107 762 Aristomedes
1128 725 1335 762 Thessalus
1350 723 1489 775 viginti

145 786 268 823 millia.
299 787 562 826 Barbarorum
591 788 765 839 peditum
797 788 973 826 habebat.
1031 787 1081 826 In
1110 788 1320 826 ²subsidiiS
1350 801 1489 838 pugna-

145 850 317 887 cissimas
337 851 531 889 locaverat
549 856 695 902 gentes.
754 851 891 902 Ipsum
920 851 1069 902 Regem
1088 851 1127 888 in
1147 851 1279 889 eodem
1299 864 1417 888 cornu
1436 851 1487 888 di-

144 913 386 962 micaturum,
411 915 487 952 tria
514 915 636 952 millia
655 914 890 952 delectorum
920 915 1092 966 equitum
1112 915 1290 952 ³assueta
1317 915 1488 965 corporis

143 978 340 1026 custodiae,
362 983 401 1015 et
419 978 611 1028 pedestris
630 978 745 1027 acies,
761 978 1018 1029 quadraginta.
1036 978 1048 996 ⁴
1062 978 1195 1026 millia,
1217 979 1484 1029 sequebantur.

146 1041 319 1091 Hyrcani
339 1041 477 1079 deinde
498 1042 680 1093 Medique
696 1042 864 1092 equites:
893 1041 954 1079 his
974 1042 1139 1091 proximi
1156 1046 1379 1079 caeterarum
1398 1055 1486 1092 gen-

143 1104 239 1141 tium
268 1104 414 1151 equites
443 1105 604 1142 dextera
635 1105 809 1155 laevaque
841 1104 1027 1154 dispositi.
1091 1104 1179 1142 Hoc
1211 1117 1358 1155 agmen,
1388 1105 1487 1142 sicut

143 1173 289 1207 dietum
308 1174 380 1216 est,
400 1169 643 1216 instructum,
666 1181 734 1205 sex
752 1168 876 1205 millia
898 1168 1152 1218 jaculatorum
1171 1168 1485 1220 funditorumque

143 1233 430 1270 antecedebant.
489 1232 500 1249 ⁵
515 1231 716 1283 Quidquid
735 1232 776 1269 in
794 1232 873 1269 illis
893 1232 1082 1282 angustiis
1111 1232 1208 1270 adiri
1235 1237 1398 1282 poterat,
1420 1234 1485 1270 im-

144 1297 341 1347 pleverant
357 1296 486 1346 copiae,
508 1296 520 1313 ⁶
534 1308 749 1347 cornuaque
768 1295 856 1333 hinc
876 1309 897 1333 a
913 1297 1017 1347 jugo,
1034 1295 1141 1333 illinc
1161 1309 1183 1333 a
1201 1296 1297 1333 mari
1317 1297 1482 1335 stabant.

142 1360 313 1398 Uxorem
341 1364 577 1410 matremque
607 1359 742 1410 Regis,
772 1364 811 1397 et
840 1359 959 1396 alium
987 1359 1227 1397 foeminarum
1256 1373 1422 1411 gregem,
1444 1361 1483 1398 in

142 1423 311 1461 medium
331 1436 465 1473 agmen
485 1427 719 1472 acceperant.

218 1489 278 1524 523.
310 1486 531 1524 Alexander
548 1485 786 1537 phalangem,
802 1488 880 1537 qua
899 1485 997 1523 nihil
1017 1485 1119 1536 apud
1141 1485 1370 1524 Macedonas
1389 1487 1482 1525 vali-

141 1550 228 1588 dius
250 1555 344 1598 erat,
365 1550 404 1587 in
423 1550 550 1588 fronte
570 1549 784 1587 constituit.
842 1549 1034 1587 Dextrum
1054 1562 1171 1587 cornu
1201 1550 1236 1587 N
1243 1551 1371 1588 ieanor
1391 1551 1481 1589 Par-

139 1614 325 1651 menionis
345 1614 447 1651 filius
468 1613 670 1651 tuebatur:
699 1612 788 1650 huic
807 1613 974 1662 proximi
994 1613 1150 1651 stabant
1171 1612 1320 1662 Coenos,
1339 1620 1376 1651 et
1392 1615 1480 1653 Per-

139 1678 278 1725 diccaS,
300 1681 339 1715 et
367 1676 577 1727 Meleager,
598 1681 637 1714 et
665 1675 912 1724 Ptolemaeus,
934 1680 973 1714 et
1002 1676 1207 1726 Amyntas,
1235 1677 1294 1714 sui
1321 1678 1482 1729 quisque

139 1741 303 1791 agminis
325 1741 450 1778 duces.
510 1740 560 1778 In
579 1740 687 1789 laevo,
706 1739 810 1790 quod
838 1739 887 1777 ad
914 1752 1017 1777 mare
1045 1739 1275 1789 pertinebat,
1299 1740 1480 1779 Craterus

138 1810 176 1841 et
206 1804 410 1841 Parmenio
440 1808 562 1850 erant,
591 1803 658 1840 sed
689 1802 871 1840 Craterus
904 1802 1148 1840 Parmenioni
1178 1815 1311 1852 parere
1336 1805 1477 1852 jussus.

140 1867 304 1917 Equites
324 1867 371 1904 ab
390 1871 554 1916 utroque
575 1879 691 1903 cornu
710 1865 839 1914 locati,
857 1865 1036 1902 dextrum
1058 1865 1301 1914 Macedones,
1321 1866 1477 1905 Thessa-

137 1931 184 1967 lis
219 1929 425 1979 adjunctis,
454 1929 594 1967 laevum
630 1929 938 1979 Peloponnenses
973 1929 1190 1967 tuebantur.
1248 1930 1353 1967 Ante
1383 1931 1478 1969 hanc

137 1993 253 2030 aciem
274 1997 454 2043 posuerat
472 1992 712 2029 funditorum
732 2005 884 2028 manum
905 1991 1113 2041 sagittariis
1135 1991 1337 2041 admixtis,
1362 1993 1476 2032 Thra-

137 2070 198 2093 ces
220 2069 369 2107 quoque
391 2061 429 2093 et
452 2055 656 2093 Cretenses
684 2060 772 2092 ante
802 2068 937 2105 agmen
967 2055 1083 2102 ibant,
1105 2059 1143 2092 et
1163 2055 1235 2104 ipsi
1266 2055 1403 2094 leviter
1422 2071 1475 2095 ar-

139 2120 240 2156 mati.
300 2120 355 2156 At
375 2120 434 2166 iis,
450 2119 514 2170 qui
530 2119 716 2169 praemissi
733 2132 754 2155 a
771 2118 889 2156 Dario
905 2119 1041 2169 jugum
1062 2119 1202 2156 montis
1219 2119 1230 2136 ⁷
1245 2118 1474 2168 insederant,

138 2183 148 2200 ³
164 2183 357 2233 Agrianos
386 2182 574 2232 opposuit,
596 2195 643 2219 ex
664 2181 814 2220 Graecia
843 2195 962 2231 nuper
984 2181 1172 2219 advectos
1232 2182 1474 2221 Parmenioni

136 2252 261 2283 antem
282 2251 528 2296 praeeeperat,
549 2251 603 2293 ut,
624 2246 811 2296 quantum
837 2250 978 2295 posset,
1000 2258 1135 2296 agmen
1154 2245 1201 2282 ad
1222 2258 1324 2283 mare
1346 2252 1473 2284 exten-

136 2309 254 2356 deret,
275 2310 348 2359 quo
370 2309 523 2358 longius
553 2309 704 2346 abesset
731 2308 938 2355 montibus,
959 2322 1054 2359 qnos
1084 2314 1361 2358 occupaverant
1383 2309 1472 2347 Bar-

136 2372 226 2409 bari.
286 2373 342 2409 At
369 2372 438 2419 illi,
460 2386 580 2422 neque
610 2372 762 2409 obstare
783 2372 1033 2419 venientibus,
1055 2385 1123 2409 nee
1152 2373 1352 2410 circumire
1380 2386 1465 2422 prae.

137 2440 347 2485 tergressos
376 2435 470 2482 ausi,
501 2435 736 2471 fumlitorum
766 2435 928 2471 nmxime
960 2441 1116 2484 aspectu
1146 2436 1272 2473 territi
1301 2436 1471 2486 profuge-

133 2505 239 2535 rant:
271 2500 413 2549 ”eaque
443 2511 503 2534 res
535 2497 756 2534 Alexandro
789 2502 913 2534 tutum
949 2498 1110 2547 agminis
1144 2498 1259 2545 latus,
1290 2498 1391 2548 quod
1425 2511 1471 2535 ne
