1583 2680
395 197 557 223 mur-:n
594 197 663 224 ιν.
703 197 814 222 car.
853 197 972 223 x11x.
1306 187 1355 224 69

18 287 205 341 Meleagri
243 288 305 326 ala
341 289 477 338 stabat,
510 303 623 341 quam
658 288 824 341 phalanx
861 289 1110 341 sequebatur:
1151 294 1239 340 post
1267 289 1356 340 pha-

16 351 167 403 langem
198 351 479 403 Argyraspides
513 357 641 402 crant,
670 352 732 390 his
769 351 939 391 Nicanor
966 351 1230 390 Parmenionis
1257 352 1358 389 filius

15 419 200 465 praeerat:
230 415 270 452 in
288 415 468 458 subsidiis
496 429 581 454 cum
606 429 720 454 manu
738 419 807 455 sua
827 415 974 456 Coenos.
1030 416 1128 454 Post
1139 429 1225 454 eum
1247 415 1358 455 Ores-

16 482 86 526 tes,
126 477 421 530 Lyncestesque.
496 479 593 517 Post
629 479 714 517 illos
751 479 1018 530 Polyspercon,
1057 479 1136 516 dux
1171 477 1359 530 peregrini

16 540 163 579 militis.
219 540 352 591 Hujus
382 541 542 593 agminis
561 542 589 560 ²²
602 542 790 593 Amyntas
818 542 991 593 princeps
1018 546 1121 580 erat:
1158 541 1360 592 Philippus

17 603 169 642 Balacri
200 604 393 656 ”regebat
424 617 499 653 cos,
536 605 562 622 ²⁴
575 604 617 642 in
651 605 870 644 societatem
904 618 1024 656 nuper
1055 605 1207 644 ascitus.
1264 604 1360 642 Haec

17 667 142 705 dextri
171 680 290 706 cornu
317 668 435 706 facies
464 673 556 707 erat.
613 668 663 706 In
691 668 787 707 laevo
808 668 989 707 Craterus
1018 668 1361 719 Peloponnensium

17 730 162 781 equites
181 731 354 780 habebat,
374 731 686 784 Achaeommque,
706 737 746 770 et
765 732 1011 770 Locrensium
1031 737 1071 770 et
1099 732 1265 780 Malctm,
1284 736 1361 769 tur-

18 794 90 831 mis
109 794 183 833 sibi
215 794 429 845 adjunctis;
459 795 527 834 hos
548 795 721 834 Thessali
747 795 894 848 equites
921 795 1159 844 claudebant,
1180 795 1362 846 Philippo

18 857 125 896 duce.
182 858 365 896 Peditum
397 859 498 896 acies
529 860 703 911 equitatu
734 859 959 911 tegebatur:
986 859 1093 897 frons
1127 858 1217 897 laevi
1248 871 1363 896 cornu

18 920 99 959 haec
118 926 209 959 erat.
267 921 344 961 Sed
369 935 417 960 ne
446 922 640 961 circumiri
667 927 795 974 posset
821 936 844 960 a
870 922 1129 971 multitudine,
1148 922 1174 940 ²⁵
1187 921 1363 959 ultimum

19 997 151 1035 agmen
169 984 298 1022 valida
316 999 430 1023 manu
448 986 630 1024 cinxerat.
689 985 841 1024 Cornua
866 999 1016 1038 quoque
1044 985 1226 1024 subsidiis
1243 985 1363 1023 firma·

19 1048 100 1087 vit:
127 1060 203 1086 non
234 1050 338 1086 recta
369 1049 507 1096 fronte,
540 1048 607 1086 scd
637 1061 661 1086 a
687 1048 808 1086 latere
838 1049 984 1099 positis,
1003 1053 1059 1098 ut,
1089 1049 1121 1087 si
1147 1049 1268 1086 hostis
1296 1049 1363 1086 cir-

19 1111 233 1150 cumvenire
252 1111 370 1149 aciem
388 1115 588 1159 tentasset,
602 1116 738 1162 parata
754 1125 893 1163 pugnae
911 1112 1044 1150 forent.
1101 1112 1184 1150 HIc
1202 1112 1364 1164 Agriani

19 1179 136 1225 erant,
163 1175 304 1227 quibus
332 1175 493 1213 Attalus
522 1180 696 1226 praeerat,
725 1175 917 1226 adjunctis
947 1175 1156 1227 sagittariis
1177 1174 1364 1214 Cretensi-

19 1239 99 1278 bus.
154 1239 180 1258 κ
195 1239 362 1279 Ultimos
392 1238 542 1277 ordines
570 1239 709 1278 avertit
728 1252 751 1277 a
768 1239 906 1288 fronte,
926 1243 970 1277 ut
989 1243 1109 1277 totam
1136 1239 1256 1277 aciem
1274 1239 1364 1277 orbe

19 1303 194 1342 muniret.
250 1303 379 1354 Illyrii
396 1303 460 1341 hic
479 1307 598 1351 erant,
619 1302 801 1353 adjuncto
828 1302 951 1340 milite
976 1302 1150 1341 mercede
1169 1303 1362 1340 conducto.

22 1366 190 1405 Thracas
217 1379 368 1419 quoque
399 1366 514 1404 simul
546 1366 737 1417 objecerat
771 1366 910 1405 leviter
946 1370 1135 1405 armatos:
1163 1366 1188 1384 ²⁷
1200 1366 1365 1418 adeoque

20 1430 138 1470 aciem
154 1431 372 1470 versatilem
398 1431 538 1482 posuit,
558 1436 603 1468 ut
629 1430 697 1482 qui
725 1429 854 1468 ultimi
882 1430 1047 1479 stabant,
1064 1443 1113 1468 ne
1131 1430 1365 1468 circumiren-

20 1499 97 1543 tur,
129 1495 228 1534 verti
265 1499 392 1532 tamen
427 1499 467 1532 et
503 1494 542 1531 in
573 1494 737 1532 frontem
774 1493 981 1545 circumagi
1008 1498 1171 1544 possent.
1229 1493 1366 1545 Itaque

20 1571 95 1595 non
123 1557 257 1608 prima,
286 1558 402 1608 quam
431 1557 576 1606 latera,
619 1569 693 1594 non
722 1557 843 1594 latera
869 1557 1078 1595 munitiora
1103 1556 1223 1605 fuere,
1250 1558 1366 1608 quam

22 1626 139 1672 terga.

102 1686 163 1722 53.
194 1683 270 1722 His
302 1683 359 1720 ita
389 1682 575 1721 ordinatis
602 1681 788 1732 praecipit,
816 1686 860 1719 ut
887 1681 920 1719 si
939 1681 1098 1720 falcatos
1118 1693 1252 1720 currus
1280 1695 1367 1720 cum

21 1749 178 1787 fremitu
206 1746 369 1785 Barbari
399 1746 628 1794 emitterent,
657 1745 744 1796 ipsi,
774 1745 914 1783 laxatis
950 1745 1146 1784 ordinibus
1183 1745 1365 1796 impetum

23 1809 283 1850 occurentium
318 1809 471 1848 silentio
515 1808 757 1859 exciperent:
804 1807 907 1846 haud
952 1807 1102 1856 dubius,
1139 1808 1220 1846 sine
1265 1811 1367 1846 noxa

23 1880 319 1923 transcursuros,
347 1873 420 1912 2⁵si
449 1885 558 1911 nemo
591 1884 630 1911 se
663 1877 879 1923 opponeret.
936 1871 1004 1910 Sin
1032 1877 1159 1910 autem
1188 1871 1268 1909 sinc
1294 1872 1367 1910 fre·

23 1938 123 1977 mitu
141 1937 400 1985 immisissent,
419 1949 483 1975 eos
501 1935 576 1986 ipsi
595 1935 757 1973 clamore
784 1939 983 1984 terrerent,
1003 1935 1232 1986 pavidosque
1252 1948 1368 1986 equos

24 2001 113 2040 telis
130 2001 325 2053 utrimque
344 1999 584 2038 suffoderent.
643 1997 720 2044 Qui
737 1998 914 2037 cornibus
941 2003 1141 2049 praeerant,
1162 1998 1368 2037 extendere
1401 2005 1410 2010 “

26 2078 71 2103 ea.
94 2064 205 2115 jussi,
224 2064 280 2102 ita
305 2068 351 2102 ut
368 2075 436 2101 nec
467 2062 841 2110 circumvenirentur,
862 2061 895 2099 si
915 2065 1059 2100 arctIus
1089 2066 1244 2110 starent,
1262 2062 1369 2101 ”nec

27 2134 154 2166 tamen
188 2126 352 2165 mediam
388 2125 506 2164 aciem
542 2124 789 2163 exinanirent.
858 2124 1135 2176 Impedimeuta
1168 2137 1255 2163 cum
1286 2138 1369 2176 cap·

27 2191 132 2239 tivis,
151 2190 250 2228 inter
281 2202 376 2241 quos
404 2194 528 2226 mater
557 2187 742 2239 liberique
770 2187 880 2226 Darii
916 2188 1238 2238 custodiebantur,
1266 2188 1369 2227 haud

28 2253 162 2306 procul
191 2253 238 2291 ab
265 2252 345 2290 acie
372 2252 413 2290 in
441 2251 542 2290 edito
569 2250 666 2290 colle
693 2251 915 2302 constituit3
944 2251 1092 2290 modico
1119 2252 1297 2303 praesidio
1316 2265 1369 2290 rc-

30 2317 130 2355 licto.
186 2315 345 2354 Laevum
363 2326 491 2362 cornu,
510 2313 609 2351 sicut
626 2313 735 2362 alias,
755 2313 998 2352 Parmenioni
1015 2314 1197 2352 tuendum
1216 2314 1369 2352 datum:

32 2379 113 2430 ipse
133 2378 172 2415 in
201 2378 335 2416 dextro
365 2376 499 2415 stabat.
556 2375 740 2415 Nondum
767 2376 816 2414 ad
844 2377 913 2414 teli
937 2378 1085 2427 jactum
1111 2380 1371 2427 pervenerant,

32 2443 121 2480 etim
139 2441 239 2479 Bion
257 2439 411 2491 quidam
431 2439 641 2491 transfuga,
660 2444 800 2490 quanto
828 2439 992 2477 maximo
1010 2452 1125 2477 cursu
1143 2443 1304 2488 poterat,
1325 2437 1374 2475 ad

34 2496 180 2556 Reg'cm
215 2502 398 2554 pervenit,
435 2501 617 2540 nuncians
652 2502 678 2520 ²⁰
692 2502 853 2540 murices
890 2502 1033 2539 ferreos
1068 2501 1109 2538 in
1143 2506 1284 2539 terram
1312 2499 1373 2538 de-
