1583 2680
399 489 890 540 CHRISTOPHORI
946 489 1248 538 CELLARII

592 663 1054 708 SUPPLEMENTI

282 806 409 866 IN
494 807 597 872 Q.
679 804 1361 874 OURTIUM‚

677 933 720 955 DE
742 933 842 955 m-:BUS
864 933 969 955 emus

480 1019 872 1066 ALEXANDRI
922 1018 1154 1077 MAGNI,

552 1179 770 1218 LIBER
808 1178 1096 1219 PRIMUS.

727 1305 913 1328 ARGUMENT-

198 1382 396 1409 Introduction.
431 1381 567 1415 Pcdigree
585 1381 617 1407 of
631 1381 796 1407 Alexander.
831 1381 892 1407 The
910 1382 1035 1414 portents
1053 1381 1082 1406 at
1098 1380 1142 1406 bis
1152 1379 1235 1407 birth.
1273 1380 1325 1407 ms
1336 1381 1484 1408 education

150 1425 200 1452 ms
212 1425 287 1458 early
296 1425 419 1458 military
428 1426 557 1458 training.
592 1424 710 1457 Phssip's
721 1424 880 1450 overthrow
892 1424 924 1449 or
940 1423 1058 1450 Grecian
1075 1423 1186 1456 liberty.
1221 1423 1354 1450 Coldness
1366 1425 1493 1451 between

93 1465 99 1471 '
149 1469 306 1495 Alexander
313 1468 368 1494 and
380 1469 424 1494 his
434 1468 531 1495 father.
566 1467 684 1501 Philip's
691 1469 881 1501 preparations
892 1467 934 1494 for
942 1467 1077 1500 invading
1088 1466 1191 1493 Persia„
1226 1467 1280 1493 His
1291 1469 1492 1495 massination.

147 1512 207 1538 The
218 1519 374 1545 vengeance
385 1511 469 1538 taken
482 1511 521 1544 by
533 1511 679 1544 Olympias
691 1511 747 1538 and
759 1511 924 1537 Alexander.
959 1509 1120 1537 Alexander
1130 1510 1213 1536 made
1225 1510 1440 1537 Generalissimo
1452 1512 1490 1545 by

147 1555 196 1581 tho
213 1555 327 1581 Greeks
362 1554 475 1586 nisings
492 1554 523 1580 or
539 1554 588 1580 the
606 1554 767 1580 barbatiane
787 1553 962 1587 suppreaeed.
997 1553 1101 1580 Bevolt
1119 1553 1151 1580 of
1167 1554 1216 1580 the
1237 1554 1346 1581 Greeks
1365 1555 1492 1582 crushed.

147 1597 208 1624 The
220 1597 373 1623 Athenium
384 1598 464 1630 again
476 1604 512 1622 on
524 1597 596 1630 good
607 1599 695 1623 ternis
706 1598 776 1623 with
788 1597 953 1625 Alexander.

213 1681 384 1726 Ummium,
408 1680 468 1725 qui
489 1681 674 1714 Alexandri
689 1692 742 1714 τω
761 1685 872 1724 gestas
886 1681 1059 1725 scripsere,
1075 1683 1143 1716 fide
1158 1682 1372 1726 dignissimus
1386 1683 1493 1724 Ptole-

147 1746 247 1768 maeus
261 1734 345 1778 Lagi
359 1734 506 1774 videtur,
522 1735 614 1779 quod
627 1734 699 1778 ipse
714 1735 816 1768 rebus
836 1734 1046 1776 interfuerat,
1062 1747 1124 1769 nec
1145 1737 1225 1776 ulla,
1241 1735 1269 1769 si
1283 1747 1378 1769 secus
1392 1736 1493 1780 scrip-

147 1789 250 1829 sisset,
265 1788 409 1832 suspicio
423 1787 510 1821 lucri
525 1789 729 1832 apparebat:
753 1788 925 1832 proximus
939 1789 1163 1830 Aristobulus‚
1179 1801 1263 1834 quos
1277 1790 1377 1832 longo
1391 1789 1493 1823 inter-

147 1842 235 1876 vallo
249 1841 416 1875 Diodorus
429 1841 569 1881 Siculus,
581 1852 649 1874 non
659 1841 769 1875 minus
780 1841 894 1885 gravis
909 1846 1037 1883 auctor,
1049 1846 1184 1876 secutus
1199 1846 1257 1877 est.
1301 1844 1494 1877 Alexander

147 1895 313 1939 Philippo,
328 1896 486 1939 Amyntae
508 1894 589 1934 filio,
605 1899 641 1928 et
658 1895 860 1939 Olympiade
881 1895 1036 1940 Epirensi
1057 1900 1168 1936 natus,
1183 1900 1330 1940 utroque
1351 1901 1493 1941 parente

147 1947 368 1982 nobilissimus
382 1947 454 1981 fuit.
499 1949 603 1981 Pater
617 1948 706 1981 enim
727 1949 772 1982 ad
793 1949 985 1989 Herculem,
999 1953 1109 1983 mater
1130 1950 1176 1983 ad
1194 1950 1372 1990 Achillem,
1387 1961 1493 1993 genus

147 2003 321 2036 referebat.
375 2001 430 2035 Sic
455 2001 566 2035 clarus
591 2002 666 2035 aliis
690 2002 891 2043 Alexander,
917 2003 984 2037 sibi
1009 2004 1172 2037 obscurus
1197 2003 1389 2043 videbatur,
1415 2003 1492 2041 nisi.

148 2055 304 2089 abdicato
317 2055 451 2088 mortali
466 2060 573 2099 patre,
591 2056 635 2089 ab
649 2057 733 2090 Jove
747 2056 882 2099 genitus
904 2057 1108 2090 crederetur.
1154 2056 1285 2090 Addita
1305 2056 1490 2090 insolentiae

147 2109 271 2149 fabula,
287 2109 465 2142 draconem
479 2109 516 2142 in
530 2109 635 2142 cubili
655 2110 772 2143 matris
787 2110 905 2150 visum,
921 2121 1024 2155 quem
1043 2110 1179 2155 Jupiter
1199 2110 1357 2144 induerit„
1404 2110 1492 2144 Phil-

147 2161 248 2206 ippus
267 2173 330 2206 per
351 2162 500 2207 quietem
524 2163 614 2196 vidit
637 2163 846 2207 obsignatam
869 2163 1080 2208 Olympiadis
1103 2165 1218 2198 alvum
1240 2164 1374 2204 annulo,
1397 2164 1493 2207 cujus

147 2216 321 2259 sculptura
340 2216 471 2250 leonem
491 2217 673 2260 praeferret,
689 2217 782 2261 quod
795 2221 892 2251 vates
904 2217 1106 2251 Aristander
1120 2218 1162 2251 de
1177 2218 1261 2250 foetu
1282 2228 1442 2261 generoso
1459 2222 1492 2249 ot

147 2268 279 2302 leonina
292 2269 523 2312 magnitudine
545 2270 648 2303 animi
672 2270 915 2314 interpretatus
941 2274 999 2304 est.
1046 2272 1121 2310 Qua
1135 2274 1234 2304 nocte
1256 2275 1369 2304 autem
1394 2275 1492 2303 natus

148 2323 339 2356 Alexander
347 2327 407 2363 est,
418 2324 535 2357 eadem
543 2325 706 2368 templum
716 2324 868 2368 Ephesiae
878 2324 996 2358 Dianae
1006 2324 1261 2358 celeberrimum
1273 2323 1489 2366 deflagravit:

149 2376 241 2421 quod
255 2375 388 2419 majoris
399 2377 504 2410 ruiuae
515 2377 715 2421 praesagium
729 2378 933 2418 habuerunt,
945 2378 1005 2422 qui
1017 2390 1058 2411 ex
1069 2379 1210 2411 sortunae
1221 2389 1300 2410 casu
1316 2377 1357 2410 de
1369 2375 1491 2410 suturis

151 2430 361 2475 judicabant,
377 2433 484 2463 ortam
504 2431 627 2464 alicubi
650 2432 755 2465 facem
770 2444 849 2472 esse,
865 2437 934 2477 qua
950 2431 1037 2466 Asiae
1052 2443 1191 2475 regnum
1208 2431 1489 2474 conflagratur-um
