1583 2680
509 146 993 172 1111312n1v.c1xr.1.
1370 136 1417 171 35

82 238 174 275 tiam
203 239 341 289 profer.
402 238 455 275 Et
474 240 558 276 etun
579 239 617 276 in
637 237 755 288 regali
783 237 878 276 solio
907 237 1104 285 residebis,
1124 237 1214 275 vitm
1243 237 1420 287 necisque

79 300 246 338 omnium
274 301 415 338 civium
449 300 636 349 dominus,
657 301 785 339 ”cave
803 313 851 338 ne
871 300 1108 338 obliviscaris
1136 299 1250 348 hujus
1282 303 1419 347 status,

78 363 117 400 in
136 377 211 414 quo
232 363 370 414 accipis
389 377 570 414 regnum,
603 364 678 402 imo
699 363 852 401 hercule
878 368 1036 414 propter
1054 363 1208 414 quem.’'
1266 362 1419 400 Somnio

83 426 218 463 similis
251 440 313 464 res
341 418 610 477 Abdalonymo
644 426 856 465 videbatur.
914 426 1132 474 Interdum,
1161 426 1304 463 satisne
1338 426 1419 462 sani

81 494 220 537 essent,
249 489 315 540 qui
335 494 413 526 tam
440 491 618 539 proterve
639 489 712 527 sibi
740 489 958 537 illuderent,
978 488 1285 539 percontabatur.
1343 488 1419 526 Sed

76 556 121 588 ut
140 552 335 589 cunctanti
369 552 526 603 squalor
553 552 709 590 ablutus
743 557 813 601 est,
835 557 874 589 et
901 552 925 569 ³²
937 552 1079 602 injecta
1097 551 1217 589 vestis
1248 554 1419 601 purpura

77 627 243 665 auroque
263 615 458 663 distincta,
478 619 518 652 ct
539 615 632 652 fides
653 628 676 652 a
701 615 924 664 jurantibus
943 615 1065 664 facta,
1097 615 1195 652 serio
1220 615 1300 663 jam
1320 614 1419 662 Rex,

77 677 213 714 iisdem
244 678 528 725 comitantibus,
558 678 597 715 in
629 678 772 728 regiam
802 678 987 728 pervenit.
1045 677 1166 716 Fama
1197 677 1346 724 deinde,
1376 681 1420 714 ut

76 739 185 789 solet,
205 741 359 778 strenue
380 744 464 778 tota
483 741 578 779 urbe
600 740 804 778 discurrit:
833 741 858 759 ³³
870 741 1033 779 aliorum
1053 741 1238 790 studium,
1258 740 1418 778 aliorum

76 802 289 854 indignatio
310 803 511 841 eminebat.
570 803 798 842 Ditissimus
826 805 986 855 quisque
1016 804 1273 842 humilitatem
1301 803 1419 853 inopi-

75 879 211 916 amque
240 867 322 915 ejus
353 866 455 916 apud
488 866 628 904 amieos
657 866 871 904 Alexandri
904 867 1187 905 criminabatur.
1246 866 1419 904 Admitti

76 942 163 965 eum
183 928 273 966 Rex
288 929 468 979 protinus
485 929 614 979 jussit,
631 929 776 980 diuque
797 929 1100 980 contemplatus:
1129 929 1152 946 ³⁴
1167 932 1187 950 “
1204 928 1418 979 Co1·poris,''

74 992 210 1042 inquit,
231 991 421 1029 “habitus
441 992 552 1029 famae
578 993 730 1042 generis
750 1005 824 1029 non
851 997 1062 1043 repugnat:
1093 992 1159 1030 sed
1186 992 1282 1030 libet
1309 992 1417 1039 scire,

74 1054 240 1105 inopiam
260 1057 337 1105 qua
356 1054 544 1104 patientia
564 1054 734 1092 tuleris.’'
793 1055 892 1092 Tum
914 1055 999 1092 ille:
1031 1057 1053 1075 “
1068 1055 1263 1102 Utinam,''
1280 1055 1416 1106 inquit,

75 1121 96 1138 “
112 1117 245 1155 codem
265 1117 389 1154 animo
409 1130 568 1167 regnum
588 1117 669 1167 pati
688 1117 840 1168 possim.
900 1117 978 1155 Hae
997 1130 1130 1154 manus
1152 1118 1334 1155 suffecere
1355 1118 1416 1155 de-

73 1180 214 1219 siderio
234 1192 341 1218 meo:
370 1180 504 1217 ”nihil
532 1180 700 1228 haventi,
720 1179 818 1217 nihil
848 1179 1010 1218 defuit.”
1065 1180 1089 1197 ³⁶
1104 1180 1258 1231 Magna>
1277 1180 1417 1218 indolis

74 1244 265 1294 specimen
305 1256 352 1281 ex
388 1243 459 1281 hoe
497 1256 669 1281 sermone
703 1243 965 1293 Abdalonymi
1003 1243 1115 1294 cepit.
1172 1243 1310 1295 Itaque
1342 1257 1416 1281 non

75 1306 266 1345 Stratonis
286 1305 400 1344 modo
415 1306 559 1358 regiam
579 1305 856 1357 supellectilem
875 1306 1037 1344 attribui
1057 1306 1091 1344 ei
1107 1306 1236 1356 jussit,
1253 1306 1320 1344 sed
1338 1307 1416 1357 ple·

73 1383 190 1421 raquc
211 1370 326 1408 etiam
345 1383 393 1408 ex
415 1369 575 1407 Persica
593 1370 749 1420 praeda:
779 1369 971 1421 regionem
990 1382 1140 1421 quoque
1165 1370 1253 1408 urbi
1272 1370 1414 1421 apposi-

75 1438 167 1482 tam,
187 1433 325 1471 ditioni
345 1434 428 1482 ejus
447 1432 598 1483 adjecit.

152 1499 186 1534 5.
217 1496 375 1534 Interea
395 1496 603 1546 Amyntas,
621 1509 732 1547 quem
754 1495 801 1533 ad
823 1496 963 1534 Persas
983 1495 1031 1534 ab
1052 1495 1276 1534 Alexandro
1296 1500 1414 1533 trans-

74 1559 216 1609 fugisse
250 1559 418 1596 diximus
451 1571 538 1596 cum
570 1563 735 1608 quatuor
754 1558 924 1596 millibus
960 1557 1193 1607 Graecorum,
1213 1559 1339 1609 ipsum
1368 1572 1416 1596 ex

74 1622 153 1659 acic
176 1621 400 1671 persecutis,
420 1620 515 1671 fuga
542 1620 729 1670 Tripolim
761 1621 945 1670 pervenit.
1007 1620 1107 1658 Inde
1127 1621 1168 1658 in
1185 1634 1300 1659 naves
1319 1621 1414 1659 mili-

74 1684 180 1722 tibus
196 1683 397 1734 impositis,
415 1682 584 1733 Cyprum
599 1683 825 1731 transmisit,
841 1683 865 1700 ³⁷
877 1688 916 1720 et
930 1683 1018 1720 cum
1033 1683 1072 1720 in
1087 1683 1154 1721 illo
1169 1687 1274 1721 statu
1288 1697 1414 1721 rerum

74 1747 114 1785 id
144 1759 343 1798 quemque,
373 1746 476 1797 quod
509 1748 746 1796 occupasset,
776 1746 997 1784 habiturum
1026 1746 1290 1795 arbitraretur,
1311 1747 1416 1784 velut

74 1815 178 1848 certo
194 1811 281 1861 jure
297 1822 525 1860 possessum,
539 1809 750 1858 AEgyptum
769 1813 900 1859 petere
917 1808 1096 1847 decrevit.
1153 1808 1318 1860 Utrique
1333 1809 1415 1860 regi

73 1873 208 1921 hostis,
230 1877 270 1910 et
303 1885 451 1922 semper
480 1884 528 1909 ex
561 1871 719 1921 ancipiti
750 1871 961 1909 mutatione
995 1876 1207 1921 temporum
1236 1872 1415 1922 pendens,
1436 1895 1448 1906 κ

74 1936 324 1987 hortatusque
357 1934 500 1972 milites
520 1934 569 1971 ad
589 1947 693 1984 spem
723 1939 842 1972 tantae
868 1934 935 1982 rei,
956 1934 1077 1983 docet,
1099 1934 1280 1973 Sabaeem
1313 1935 1414 1973 Prac-

77 2005 199 2037 torem
221 1998 387 2050 AEgypti
407 1997 588 2035 cecidisse
608 1997 647 2034 in
667 1997 768 2046 acie3
800 1997 1009 2035 Persarum
1035 1997 1257 2047 praesidium
1277 2002 1316 2035 et
1335 1998 1415 2036 sine

75 2062 171 2099 duce
191 2074 286 2109 esse,
306 2066 344 2099 ct
363 2059 595 2109 invalidum3
627 2059 837 2111 AEgyptios
858 2073 1006 2110 semper
1027 2060 1266 2099 Praetoribus
1285 2073 1415 2099 eorum

76 2125 255 2172 infensos,
271 2136 339 2174 pro
360 2123 472 2161 sociis
492 2122 605 2173 ipsos,
621 2135 696 2161 non
715 2136 784 2174 pro
804 2123 990 2173 hostibus,
1004 2123 1266 2162 aestimaturos.
1326 2123 1414 2163 Om-

75 2188 139 2225 nia
158 2186 325 2237 experiri
357 2185 564 2223 necessitas
584 2186 765 2237 cogebat:
793 2186 932 2237 quippe
953 2187 1043 2224 cum
1074 2187 1217 2237 primas
1237 2199 1323 2238 spes
1342 2188 1400 2225 for

76 2257 170 2287 tuna
190 2249 383 2298 destituit,
401 2249 534 2286 futura
551 2249 805 2299 praesentibus
825 2249 1002 2288 videntur
1022 2263 1105 2287 esse
1125 2250 1283 2300 potiora.
1341 2249 1414 2300 Igi-

77 2319 139 2350 tur
160 2311 405 2359 conclamant,
426 2311 450 2328 ³⁸
463 2311 630 2359 duceret,
650 2313 725 2363 que
745 2312 950 2350 videretur.
1009 2313 1141 2364 Atque
1174 2313 1239 2350 ille
1272 2313 1413 2349 ”uten-

77 2376 168 2414 dum
187 2375 335 2422 animis,
356 2374 449 2412 dum
470 2387 536 2425 spe
564 2375 742 2424 calerent,
764 2381 883 2426 ratus,
903 2375 952 2413 ad
973 2375 1122 2413 Pelusii
1151 2376 1288 2413 ostium
1309 2388 1412 2425 penc-

80 2443 167 2489 trat,
201 2437 384 2476 simulans
425 2451 447 2475 a
482 2437 598 2476 Dario
636 2451 675 2476 sc
713 2452 794 2477 csse
827 2439 1075 2489 praemissum.
1134 2438 1288 2476 Potitus
1326 2438 1414 2485 crgo
