1583 2680
450 191 610 217 Lim-:n
648 191 721 216 VI.
765 191 876 217 ezir.
920 192 990 217 IV.
1319 183 1391 219 117

45 284 222 336 equitatu
255 297 304 322 ct.
325 283 451 322 stadia
484 296 670 334 emensus,
689 287 816 322 castra
841 284 883 322 in
901 283 1015 332 valle,
1044 286 1123 335 qua
1153 283 1391 334 Hyrcaniam

47 347 228 395 ¹adeunt,
262 347 479 385 communit.
552 347 702 385 Nemus
737 346 911 398 praealtis
948 347 1152 399 densisque
1189 347 1390 387 arboribus

43 410 266 448 umbrosum
299 416 369 460 est,
391 411 552 461 pingue
588 409 702 448 vallis
737 410 861 449 solum
895 410 1110 462 rigantibus
1147 411 1267 462 aquis,
1305 425 1390 462 quae

43 487 91 512 ex
110 474 232 524 petris
264 473 522 511 eminentibus
554 478 721 511 manant.
780 473 844 511 Ex
861 473 956 524 ipsis
982 473 1177 511 radicibus
1202 475 1389 513 montium

46 537 219 575 Zioberis
253 537 374 574 amnis
408 536 631 585 effunditur,
650 537 717 587 qni
748 536 822 574 tria
853 536 934 574 fere
963 536 1088 574 stadia
1114 537 1155 574 in
1182 537 1387 589 longitudi-

41 613 128 638 nem
163 601 397 638 'universus
429 600 541 637 fluit:
589 599 727 638 deinde
767 612 871 643 saxo,
909 599 1013 651 quod
1050 599 1240 638 alveolum
1275 600 1386 638 inter—

41 663 173 714 pellat,
221 676 480 713 repercussus,
528 662 602 700 duo
648 662 803 700 itinera.
824 662 957 700 'velut
1000 662 1232 713 dispensatis
1279 664 1387 715 aquis

40 727 173 777 aperit.
230 726 354 764 'Inde
385 731 547 775 torrens,
567 730 606 763 et
637 739 815 763 saxorum
845 739 914 776 per
940 739 1028 777 quae
1061 726 1223 764 incurrit
1251 728 1386 777 asperi-

40 795 118 827 tate
146 789 359 837 violentior,
391 794 533 827 terram
563 801 734 840 praeeeps
767 789 882 827 subit.
940 789 1018 827 Per
1047 803 1119 827 ccc
1149 790 1276 827 stadia
1303 804 1385 828 con-

40 853 145 890 ditus
178 853 335 900 labitur,
356 865 565 903 rursusque
585 852 693 890 velut
722 865 770 890 ex
790 852 870 890 alto
889 852 995 890 fonte
1023 857 1228 902 conceptus
1249 853 1374 891 editur

39 921 78 952 et
97 928 237 953 novum
258 915 407 953 alveum
427 915 604 962 intendit,
626 915 752 965 priore
768 915 828 952 sui
846 920 956 965 parte
969 915 1182 966 spatiosior.
1233 915 1386 967 Quippe

40 979 79 1015 in
113 978 359 1016 latitudinem
389 991 458 1015 xm
490 978 702 1016 stadiorum
733 978 985 1027 diffunditur3
1015 991 1221 1029 rursusque
1251 992 1385 1030 angus-

38 1042 201 1079 tioribus
221 1041 410 1079 coercitus
426 1041 519 1091 ripis
548 1041 623 1078 iter
650 1041 778 1092 cogit:
808 1041 964 1078 tandem
995 1042 1034 1078 in
1053 1041 1217 1079 alterum
1238 1055 1384 1080 amnem

37 1105 152 1153 cadit,
184 1104 395 1154 (Rlzidago
424 1116 561 1141 nomen
591 1105 680 1154 est.)
738 1103 883 1142 Incolae
913 1104 1161 1154 affirmabant,
1197 1118 1385 1156 quaecum-

37 1181 110 1220 que
131 1168 294 1206 demissa
313 1173 440 1206 essent
458 1167 498 1204 in
518 1179 730 1215 cavernam,
749 1179 837 1218 quae
856 1167 1012 1218 propior
1032 1173 1091 1206 est
1110 1168 1219 1216 fonti,
1240 1182 1385 1217 rursus,

39 1232 107 1270 ubi
125 1231 232 1270 aliud
251 1244 293 1269 os
324 1231 446 1269 amnis
477 1231 614 1281 aperit,
636 1230 813 1268 existere.
874 1230 1016 1282 Itaque
1034 1231 1260 1269 Alexander
1291 1232 1386 1270 duos

37 1295 50 1312 ⁶
64 1301 207 1346 tauroS,
219 1295 296 1346 qna
312 1294 480 1332 subeunt
495 1307 604 1345 aquae
618 1298 770 1344 terram,
784 1294 1018 1344 praecipitari
1032 1294 1146 1344 jubet
1162 1307 1171 1333 :
1200 1295 1212 1313 ⁸
1224 1308 1386 1346 quorum

36 1371 205 1410 corpora,
224 1358 292 1397 ubi
320 1358 457 1396 rursus
486 1357 666 1408 erumpit,
687 1357 847 1408 expulsa
864 1357 1009 1406 videre,
1029 1358 1096 1410 qui
1124 1358 1235 1396 missi
1263 1364 1384 1407 erant,

35 1428 81 1460 ut
101 1423 331 1473 exciperent.

116 1489 150 1524 8.
182 1484 370 1531 Quartum
397 1485 478 1534 jam
507 1483 610 1522 diem
639 1483 771 1521 eodem
789 1483 872 1522 loco
890 1483 1057 1535 quietem
1072 1484 1189 1522 militi
1217 1485 1385 1535 dederat,

37 1550 126 1586 cum
144 1547 297 1585 litteras
317 1546 566 1594 Nabarzanis,
585 1546 651 1596 qui
670 1546 831 1584 Darium
858 1559 943 1584 cum
970 1547 1092 1584 Besso
1121 1547 1385 1598 interceperat,

37 1611 187 1662 accipit,
207 1623 367 1662 quarum
386 1609 574 1647 sententia
592 1609 673 1647 haec
692 1613 798 1646 erat:
827 1611 849 1630 “
867 1609 917 1647 Se
934 1608 1065 1647 'Dario
1091 1622 1168 1647 non
1194 1611 1312 1649 fuisse
1331 1611 1385 1649 in-

36 1674 203 1721 imicum,
234 1673 309 1711 imo
341 1673 456 1710 etiam
483 1685 569 1723 quae
598 1671 822 1709 credidisset
850 1671 964 1709 utilia
994 1684 1090 1719 esse,
1128 1673 1315 1711 suasisse:
1347 1678 1387 1711 et

35 1738 126 1789 quia
156 1736 267 1774 fidele
300 1735 500 1774 consilium
532 1734 632 1786 Regi
670 1734 849 1782 dedisset,
881 1733 997 1784 prope
1035 1734 1197 1772 occisum
1243 1735 1292 1773 ab
1328 1748 1383 1775 eo.

36 1800 248 1853 ⁷Agitasse
277 1799 451 1847 Darium,
471 1798 686 1836 custodiam
707 1798 874 1848 corporis
906 1797 965 1834 sui
999 1802 1129 1835 contra
1155 1799 1219 1847 jus
1254 1798 1385 1850 fasque

35 1864 233 1915 peregrino
261 1862 380 1900 militi
410 1861 575 1910 tradere,
594 1860 774 1898 damnata
806 1859 1043 1911 popularium
1061 1859 1146 1908 fide,
1175 1873 1287 1912 quam
1318 1874 1386 1912 per

36 1927 221 1965 ducentos
249 1931 288 1964 et
318 1925 480 1977 triginta
509 1937 628 1963 annos
648 1923 870 1962 inviolatam
891 1923 1065 1974 Regibus
1094 1923 1172 1961 suis
1189 1924 1384 1974 praestitis-

38 1995 133 2029 sent.
178 1989 228 2029 Se
254 1989 297 2027 in
323 1988 514 2040 praecipiti
532 1993 572 2026 et
590 1987 736 2026 lubrico
755 1992 930 2035 stantem,
949 1986 1150 2025 consilium
1168 2000 1191 2024 a
1208 1987 1387 2037 praesenti

38 2052 264 2091 necessitate
281 2055 478 2103 repetIsse.
521 2050 682 2089 Darium
698 2063 858 2101 quoque,
879 2051 968 2087 esim
987 2049 1186 2087 occidisset
1204 2049 1386 2101 Bagoam,

39 2116 110 2153 hae
128 2115 366 2153 excusatione
384 2114 615 2152 satisfecisse
642 2112 902 2164 popularibus,
920 2112 1023 2164 quod
1050 2111 1293 2150 insidiantem
1311 2112 1385 2150 sibi

40 2177 307 2216 interemisset.
363 2177 476 2215 Nihil
512 2190 597 2215 esse
631 2176 780 2214 miseris
816 2175 1040 2214 mortalibus
1072 2175 1213 2226 spiritu
1249 2175 1383 2214 carius

41 2242 184 2280 Amore
214 2241 295 2290 ejus
312 2239 388 2278 ‘ad
413 2240 552 2278 ultima
582 2253 664 2278 esse
693 2238 940 2290 propulsum:
969 2238 1036 2276 sed
1064 2251 1110 2277 ea
1145 2239 1267 2290 magis
1305 2251 1387 2276 esse

40 2309 225 2352 secutum,
244 2316 329 2354 quae
356 2302 543 2354 coegisset
573 2303 790 2351 necessitas,
818 2304 934 2353 quam
961 2315 1048 2354 quae
1083 2305 1262 2353 optasset.
1338 2301 1387 2338 In

42 2366 233 2406 communi
251 2366 469 2404 calamitate
495 2378 601 2404 suam
618 2379 802 2418 quemque
821 2365 960 2404 habere
979 2367 1182 2404 fortunam.
1266 2364 1307 2403 Si
1327 2376 1387 2401 ve-

41 2431 124 2469 nire
143 2443 184 2468 se
198 2429 364 2480 juberet,
385 2430 467 2466 sine
480 2432 586 2465 metu
599 2441 681 2466 esse
694 2433 907 2467 venturum.
952 2427 989 2466 N
993 2441 1041 2465 on
1060 2428 1194 2465 timere
1212 2439 1259 2463 ne
1277 2425 1389 2463 fidem

44 2493 173 2532 datam
193 2498 324 2531 tantus
344 2492 430 2530 Rex
448 2491 620 2529 violaret.
676 2490 780 2529 Deos
798 2504 821 2528 a
839 2490 921 2528 Deo
935 2490 1019 2527 falli
1039 2502 1112 2527 non
1131 2489 1263 2527 solere.
1308 2487 1389 2527 Cae-
