1583 2680
113 102 162 137 :2¹0
577 111 760 143 QUINTI
797 111 981 138 CURTII

114 204 220 242 tilem
240 218 326 242 eum
354 204 517 254 pecunia
545 204 726 252 traderet,
747 203 900 253 adjecit.
959 202 1176 251 Parmenio,
1197 203 1384 242 asservari
1404 216 1448 241 eo

117 269 238 317 jusso,
259 268 411 306 litteras
443 268 590 319 aperit:
619 268 659 305 in
689 267 797 318 queis
829 271 911 304 erat
939 266 1135 316 seriptum,
1154 271 1198 304 ut
1215 267 1364 305 mature
1385 267 1454 304 Al·

112 332 279 369 cxander
299 332 466 383 aliquem
487 345 534 369 ex
555 331 716 369 ducibus
748 329 828 367 suis
848 329 1022 367 mitteret
1053 343 1138 367 cum
1167 343 1283 368 manu
1300 329 1454 381 exigua,

112 394 250 445 Itaque
280 409 321 433 re
348 395 513 445 cognita,
536 393 716 431 Mardum
747 392 848 430 datis
879 392 1108 432 ³comitibus
1140 393 1189 431 ad
1217 393 1453 444 proditorem

109 458 286 496 remittit.
345 458 432 506 Ille,
469 471 489 495 e
520 456 695 495 manibus
727 455 1027 494 custodientium
1056 456 1199 507 lapsus,
1224 457 1454 494 Damascum

110 527 198 559 ante
229 522 354 559 lucem
385 522 516 558 intrat.
576 520 817 558 Turbaverat
837 532 881 557 ea
899 532 961 557 res
990 519 1255 558 Parmenionis
1286 520 1454 557 animum

110 584 272 622 insidias
305 585 476 621 timentis
497 588 535 621 et
554 583 728 634 ignotum
758 582 831 620 iter
861 582 941 620 sine
974 582 1068 620 duce
1097 596 1174 620 non
1192 582 1383 621 ⁴audebat
1402 581 1455 618 in·

111 648 232 697 gredi.
291 647 488 686 Felicitati
521 651 648 683 tamen
687 645 808 697 Regis
846 646 906 684 sui
943 647 1115 695 confisus,
1154 651 1333 696 agrestes,
1366 644 1455 696 ‘’qui

112 710 226 747 duces
248 711 398 748 itineris
427 714 565 757 essent,
587 709 711 760 excipi
737 709 876 759 jussit:
905 709 1044 761 quibus
1075 709 1251 747 celeriter
1279 708 1455 759 repertis,

110 779 246 823 quarto
268 774 330 811 die
350 774 399 811 ad
419 774 552 812 urbem
572 773 759 823 pervenit,
777 774 859 822 jam
877 777 1070 810 metuente
1090 773 1294 820 Praefecto,
1314 785 1361 809 ne
1382 771 1456 809 sibi
1498 774 1504 781 '

109 837 202 873 fides
222 837 353 874 habita
367 849 443 874 non
460 842 570 874 esset.
629 836 770 887 Igitur,
786 836 897 887 quasi
910 849 1046 886 parum
1064 835 1310 874 munimentis
1326 834 1457 885 oppidi

109 899 241 947 fidens,
263 905 352 937 ante
372 900 465 937 solis
492 905 619 937 ortum
649 899 849 950 pecuniam
880 899 1034 950 regiam,
1057 898 1224 947 (gazam
1243 899 1375 937 Persae
1394 910 1456 936 vo·

111 964 227 1013 cant,)
250 964 339 1000 eum
358 962 648 1013 pretiosissimis
668 976 796 1000 rerum
818 963 943 999 efferri
967 962 1090 1012 jubet,
1110 963 1237 1012 fugam
1263 961 1456 1010 simulans.

111 1028 244 1064 revera
266 1031 311 1063 ut
330 1026 500 1076 praedam
521 1025 623 1062 hosti
643 1025 805 1062 offerret.

190 1091 251 1126 34.
284 1089 414 1126 Multa
432 1088 554 1125 millia
569 1089 736 1125 virorum
756 1088 1071 1138 foeminarumque
1092 1087 1338 1125 excedentem
1357 1087 1458 1137 oppi-

112 1151 160 1188 do
195 1151 474 1202 sequebantur;
513 1151 713 1189 ‘⁵omnibus
750 1151 981 1190 miserabilis
1018 1151 1144 1199 turba,
1182 1156 1323 1201 praeter
1359 1164 1457 1198 cum,

112 1216 221 1264 eujus
252 1214 341 1251 fidei
374 1214 574 1251 commissa
604 1215 752 1251 fuerat:
782 1214 936 1265 quippe,
966 1214 1041 1264 quo
1075 1215 1197 1263 major
1230 1213 1458 1264 proditionis

112 1291 255 1315 merces
283 1278 395 1325 foret,
418 1277 582 1327 objicere
616 1277 720 1315 hosti
751 1277 912 1326 parabat
942 1277 1145 1327 gratiorem
1168 1277 1269 1315 omni
1296 1277 1459 1327 pecunia

112 1340 294 1390 praedam,
315 1340 463 1379 nobiles
484 1341 495 1358 ⁷
508 1341 621 1387 viros,
644 1340 862 1378 Praetorum
882 1340 992 1378 Darii
1011 1341 1192 1391 conjuges
1218 1340 1457 1391 liberosque,

112 1409 253 1454 praeter
281 1404 361 1454 hos,
380 1404 534 1443 urbium
566 1403 788 1442 Graecarum
818 1403 978 1455 legatos,
999 1416 1094 1455 quos
1127 1403 1269 1442 Darius
1288 1403 1395 1442 velut
1420 1403 1459 1439 in

113 1481 198 1505 aree
219 1468 429 1516 tutissima,
450 1468 490 1504 in
509 1467 718 1518 proditoris
747 1467 957 1518 reliquerat
988 1467 1178 1505 manibus.
1244 1466 1460 1515 Gaugabas

115 1532 246 1570 Persae
261 1536 400 1570 vocant
418 1531 586 1569 humeris
606 1543 722 1568 onera
741 1535 959 1580 portantes:
988 1530 1030 1567 hi
1050 1531 1139 1568 eum
1156 1530 1279 1581 frigus
1299 1530 1461 1568 tolerare

114 1608 189 1632 non
208 1600 363 1645 possent
383 1594 539 1645 (quippe
559 1598 598 1631 et
616 1593 784 1644 procella
816 1593 943 1631 subito
973 1593 1100 1631 nivem
1121 1593 1318 1643 effuderat,
1339 1598 1377 1631 et
1396 1593 1460 1630 hu-

115 1672 197 1696 mus
230 1658 380 1709 rigebat
411 1657 516 1708 gelu)
548 1662 631 1694 tum
660 1656 862 1694 ⁸astrictas
890 1661 1029 1706 vestes,
1055 1670 1149 1708 quas
1182 1670 1267 1694 eum
1298 1657 1460 1707 pecunia

116 1722 333 1772 portabant,
354 1734 446 1758 auro
467 1726 506 1758 et
526 1722 699 1770 purpura
728 1720 909 1770 insignes,
930 1719 1107 1768 induunt,
1125 1720 1232 1757 nullo
1261 1720 1461 1770 prohibere

116 1799 230 1834 auso3
259 1786 271 1802 ⁰
286 1786 374 1822 cum
395 1785 548 1821 fortuna
577 1783 711 1834 Regis,
733 1783 848 1820 ctiam
879 1782 1114 1832 humillimis,
1137 1783 1175 1820 in
1195 1783 1319 1833 ipsum
1349 1783 1461 1820 licen-

118 1849 210 1886 tiam
230 1849 385 1885 faceret.
427 1846 634 1884 Praebuere
656 1859 745 1896 ergo
764 1845 1009 1883 Parmenioni
1028 1859 1103 1883 non
1124 1846 1327 1896 spernendi
1348 1847 1461 1897 agini·

117 1912 176 1949 nis
198 1911 373 1962 speeiem,
394 1910 460 1961 qui
481 1911 503 1927 ¹⁰
516 1909 722 1947 intentiore
743 1911 834 1946 cura
855 1922 954 1956 suos,
971 1909 1078 1960 quasi
1099 1909 1146 1946 ad
1169 1910 1349 1959 ¹¹justum
1369 1924 1462 1960 prae-

119 1976 225 2022 lium,
246 1974 378 2025 paucis
411 1973 651 2020 adhortatus,
673 1972 781 2023 equis
803 1971 966 2010 calcaria
994 1972 1157 2010 subdere
1185 1973 1309 2022 jubet,
1329 1979 1368 2010 ct
1387 1973 1461 2010 acri

120 2039 263 2089 impetu
297 2038 335 2075 in
368 2037 517 2075 hostem
551 2036 689 2074 invehi,
749 2037 806 2073 At
835 2036 903 2085 illi,
923 2036 990 2087 qui
1024 2036 1095 2074 sub
1130 2036 1309 2074 oneribus
1343 2042 1464 2084 erant,

121 2102 272 2140 omissis
306 2101 385 2138 illis
415 2114 483 2150 per
511 2105 668 2149 metum,
689 2105 890 2150 capessunt
920 2100 1058 2149 sugam.
1117 2100 1273 2137 Armati
1303 2114 1464 2152 quoque,

121 2167 187 2217 qui
209 2178 272 2203 eos
294 2164 562 2216 sequebantur,
584 2163 716 2201 eodem
737 2168 842 2200 metu
862 2176 966 2200 arina
990 2164 1150 2212 jactare,
1171 2176 1214 2200 ac
1234 2169 1325 2201 nota
1345 2165 1465 2202 diver-

125 2229 244 2267 ticula
271 2234 402 2279 petere
429 2231 633 2278 coeperunt.
692 2227 906 2264 Praefeetus
927 2227 1036 2277 quasi
1057 2233 1095 2263 et
1116 2227 1196 2276 ipse
1227 2229 1467 2277 conterritus,

129 2294 150 2310 ¹²
169 2293 284 2330 simul
317 2296 452 2329 cuneta
472 2304 612 2342 pavore
646 2289 911 2340 compleverat.
970 2289 1160 2328 «Iacebant
1197 2291 1291 2329 totis
1324 2292 1466 2342 campis

127 2370 217 2407 opes
237 2356 372 2406 regia>3
403 2355 471 2392 illa
490 2354 649 2405 pecunia
669 2353 859 2403 stipendio
882 2353 1026 2403 ingenti
1047 2354 1211 2391 milituln
1232 2360 1464 2406 praeparata3

129 2421 192 2458 ille
225 2420 351 2458 cultus
384 2424 441 2456 tot
470 2418 652 2456 nobilium
676 2417 855 2464 virorum,
878 2422 933 2454 tot
966 2417 1173 2454 illustrium
1205 2419 1464 2457 soelninaruni:
