1583 2680
434 171 595 196 LIBER
633 169 702 195 1v.
743 169 852 194 car.
894 169 988 195 xn.
1331 159 1381 196 65

42 263 195 304 ’Rubri
229 263 346 300 maris
383 263 531 311 accolae,
568 261 745 301 ⁷nomina
779 261 911 301 verius
947 274 1059 312 quam
1105 261 1259 310 auxilia,
1295 270 1382 311 post

41 339 172 365 currus
191 331 309 364 erant.
368 326 627 366 Claudebatur
657 325 729 364 hoc
760 337 896 377 agmen
915 324 1002 362 aliis
1029 324 1180 362 falcatis
1209 325 1382 362 curribus

39 390 336 442 quinquaginta:
365 389 471 440 queis
490 388 753 440 ”peregrinum
781 387 943 425 militem
973 387 1209 437 adjunxerat.
1267 388 1381 425 Hune

40 453 216 492 Armenii
245 465 339 503 quos
372 451 541 490 Minores
568 457 715 500 vocant,
735 451 939 490 Armenios
967 450 1183 501 Babylonii,
1203 455 1381 501 utrosque

40 515 193 564 Belitae,
227 521 266 553 et
296 515 362 566 qui
391 520 538 553 montes
573 515 811 555 Cossaeorum
854 513 1080 562 incolebant,
1117 513 1379 565 sequebantur.

40 578 137 617 Post
153 579 221 617 hos
241 579 346 617 ibant
364 579 534 627 Gortuae,
554 583 689 630 gentes
715 577 869 630 quidem
900 577 1095 626 Euboicae,
1115 577 1250 615 Medos
1268 589 1380 628 quon-

39 643 129 680 dam
165 643 296 691 secuti,
327 642 393 680 sed
417 644 497 692 jam
529 642 743 693 degeneres,
763 645 802 680 et
829 641 947 692 patrii
972 640 1088 679 moris
1115 640 1246 692 ignari.
1303 641 1389 690 Ap·-

38 705 224 756 plicuerat
260 706 321 743 his
359 706 544 757 Phrygas,
578 710 617 743 et
655 704 850 744 Cataonas.
918 703 1215 742 Parthienorum
1243 703 1381 741 deinde

37 781 140 819 gens,
175 769 420 807 incolentium
452 774 586 817 terras,
605 781 699 820 quas
729 781 827 806 nunc
859 767 995 806 Parthi
1029 767 1188 818 Scythia
1224 766 1379 817 profecti

38 837 177 881 tenent,
198 832 424 870 claudebant
442 845 584 884 agmen.
643 832 740 870 Haec
758 831 906 868 sinistri
925 844 1040 868 cornu
1057 831 1156 869 acies
1173 830 1258 868 fuit.

119 897 180 934 47.
210 895 399 934 Dextrum
426 896 579 934 tenebat
607 895 714 933 natio
741 895 895 945 majoris
914 894 1119 942 Armeniae,
1140 892 1381 944 Cadusiique,

39 958 294 1012 Cappadoces,
314 964 353 997 et
373 959 461 1009 Syri
479 963 518 996 et
538 958 654 996 Medi.
712 958 789 996 His
807 970 954 1009 quoque
972 957 1102 995 falcati
1120 970 1255 995 currus
1274 961 1383 995 erant

36 1021 321 1074 quinquaginta.
379 1021 534 1060 Summa
564 1020 684 1058 totius
714 1021 930 1058 exercitiis:
960 1020 1104 1071 equites
1131 1020 1206 1058 xlv.
1235 1020 1380 1058 millia:

35 1084 224 1135 pedestris
243 1084 343 1122 acies
362 1084 524 1122 ducenta
535 1083 658 1121 millia
675 1083 902 1134 expleverat.
960 1083 1048 1121 Hoc
1062 1083 1173 1121 modo
1192 1083 1380 1132 instructi,

35 1148 164 1187 decem
197 1148 325 1186 stadia.
355 1147 575 1198 procedunt,
605 1147 775 1198 jussique
805 1146 1022 1195 subsistere,
1042 1147 1207 1184 ”armati
1235 1147 1382 1185 hostem

35 1211 294 1263 expectabant.
351 1211 565 1250 Alexandri
595 1210 805 1249 exercitum
836 1211 1005 1260 ¹⁰pavor,
1034 1211 1142 1260 cujus
1169 1222 1282 1247 causa
1307 1223 1380 1248 nou

36 1275 202 1324 suberat,
222 1275 386 1313 invasit:
414 1275 554 1326 quippe
574 1273 763 1325 lymphati
781 1273 974 1324 trepidare
993 1277 1196 1324 coeperunt,
1217 1273 1381 1316 omnium

12 1375 17 1381 ,
34 1343 188 1390 pectora
203 1338 346 1377 occulto
366 1342 472 1376 metu
489 1342 742 1388 percurrente.
800 1336 898 1376 Coeli
916 1336 1043 1388 fulgor
1062 1341 1230 1387 tempore
1249 1337 1380 1375 aestivo

34 1402 184 1440 ardenti
222 1401 358 1440 similis
378 1401 615 1450 internitens,
636 1400 735 1452 ignis
761 1399 924 1451 praebuit
949 1399 1130 1450 speciem3
1163 1400 1380 1437 ”flammas-

33 1478 106 1516 que
137 1478 185 1504 ex
217 1465 326 1504 Darii
354 1464 492 1503 castris
522 1464 733 1515 splendere,
748 1463 856 1502 velut
883 1463 986 1500 illati
1013 1463 1156 1501 temere
1176 1463 1380 1513 praesidiis,

34 1529 245 1567 credebant.
304 1527 417 1574 Quod
436 1528 469 1566 si
487 1527 671 1578 perculsis
698 1526 878 1574 Mazaeus,
897 1526 963 1577 qui
991 1526 1221 1576 praesidebat
1240 1526 1380 1576 itineri,

35 1591 325 1642 supervenisset,
360 1591 494 1642 ingens
526 1590 652 1627 clades
684 1589 802 1639 accipi
837 1589 974 1641 potui-t.
1045 1588 1167 1636 Nunc,
1199 1589 1380 1627 dum-ille

35 1654 163 1706 segnis
193 1653 232 1691 in
250 1666 306 1702 eo,
325 1666 437 1704 quem
466 1657 724 1703 occupaverat,
752 1651 900 1690 tumulo
929 1651 1049 1700 sedet,
1078 1656 1277 1689 contentus
1305 1664 1380 1689 non

33 1717 189 1767 lacessi3
218 1716 453 1765 Alexander,
481 1716 631 1768 cognito
663 1727 802 1766 pavore
821 1714 1027 1763 exercitiis,
1049 1714 1197 1766 signum
1225 1719 1270 1752 ut
1296 1727 1380 1753 con-

33 1780 210 1818 sisterent
242 1779 340 1829 dari,
374 1784 462 1817 ante
495 1779 599 1830 ipsos
629 1791 733 1817 arma.
769 1778 956 1829 deponere
989 1790 1032 1815 ac
1066 1777 1192 1815 levare
1223 1790 1381 1828 corpora

43 1843 173 1894 jubet;
204 1843 422 1892 admonens,
440 1842 586 1880 nullam
617 1841 738 1880 subiti
769 1853 921 1879 causam
939 1853 1020 1879 esse
1050 1840 1211 1889 timoris,
1231 1839 1378 1878 hostem

33 1907 164 1958 procul
183 1911 295 1946 stare.
352 1907 376 1925 ¹²
393 1905 566 1944 Tandem
583 1909 775 1956 compotes
803 1904 863 1943 sui
895 1904 1040 1955 pariter
1059 1917 1162 1942 arma
1181 1908 1218 1941 et
1235 1903 1379 1942 animos

34 1972 224 2021 recepere,
253 1982 323 2008 nec
353 1969 561 2020 quidquam
593 1968 616 1986 ¹³
631 1981 679 2006 ex
707 1967 958 2018 praesentibus
995 1966 1118 2005 tutius
1154 1967 1278 2005 visum
1308 1972 1379 2016 est,

33 2034 148 2084 quam
165 2033 298 2072 eodem
313 2032 398 2070 loco
417 2036 544 2070 castra
561 2030 719 2068 munire.

115 2097 176 2134 48.
205 2095 367 2134 Postero
403 2095 466 2133 die
511 2094 692 2141 Mazaeus,
725 2092 790 2144 qui
824 2105 909 2130 cum
945 2091 1102 2130 delectis
1137 2093 1308 2144 equitum
1339 2093 1379 2130 in

35 2158 139 2196 edito
157 2157 266 2207 colle,
284 2171 332 2196 ex
359 2171 432 2208 quo
462 2156 711 2195 Macedonum
739 2155 1068 2206 prospiciebantur
1096 2161 1234 2213 castra,
1253 2169 1379 2194 conse·

36 2221 155 2269 derat,
175 2223 255 2259 sive
283 2224 399 2268 metu,
433 2220 512 2258 sive
540 2220 630 2270 quia
661 2220 687 2237 ¹⁴
705 2218 891 2270 speculari
921 2218 1034 2256 modo
1059 2220 1190 2269 jussus
1217 2224 1311 2267 erat,
1331 2218 1378 2256 ad

36 2283 196 2322 Darium
231 2283 358 2322 rediit.
433 2282 663 2321 Macedones
699 2295 783 2320 eum
826 2281 951 2332 ipsum
985 2281 1133 2331 collem,
1169 2295 1280 2334 quem
1317 2281 1378 2318 de·

36 2352 219 2395 seruerat,
250 2349 546 2396 occupaverunt3
574 2357 662 2383 nam
692 2349 731 2383 et
759 2345 881 2383 tutior
905 2344 1066 2395 planitie
1097 2350 1192 2393 erat,
1223 2350 1261 2382 et
1289 2343 1377 2381 inde

35 2409 136 2448 acies
153 2409 334 2458 hostium,
356 2422 442 2460 quae
469 2408 510 2446 in
536 2421 667 2459 campo
688 2408 1002 2459 ¹⁶explicabatur,
1023 2407 1188 2458 conspici
1217 2410 1376 2457 poterat.

36 2472 114 2512 Sed
134 2473 159 2492 ¹⁰
172 2473 306 2525 caligo,
326 2485 438 2524 quam
457 2472 556 2511 circa
581 2471 727 2510 humidi
757 2472 966 2511 effuderant
984 2476 1142 2515 montes,
1162 2469 1377 2508 universam
