1583 2680
440 143 600 168 LIBER
641 141 734 167 V11.
779 143 890 167 car.
931 143 995 167 XI.
1315 133 1384 169 175

50 236 164 273 uictis
183 234 293 283 viam,
315 235 348 272 si
367 234 529 273 solerter
547 234 677 272 rimati
696 233 848 272 fueritis
868 233 997 272 aditus
1026 234 1192 273 ferentes
1213 235 1260 272 ad
1280 248 1385 273 eacu-

49 310 143 335 men.
201 297 213 314 ⁶
226 297 339 335 Nihil
358 302 438 335 tam
458 297 534 335 alte
553 302 691 335 natura
710 296 917 345 constituit,
937 298 1012 348 quo
1032 297 1154 336 virtus
1172 310 1247 335 non
1266 298 1388 348 possit

49 360 152 398 eniti.
211 360 458 412 Experiendo
492 375 578 412 quae
610 361 740 399 caeteri
770 361 1079 412 desperaverunt,
1109 360 1246 398 Asiam
1275 361 1383 399 habc-

48 436 132 461 mus
152 423 192 461 in
210 429 413 474 potestate.
472 424 640 463 Evadite
673 425 712 462 in
738 437 928 472 cacumen,
948 424 1050 475 quod
1080 426 1164 462 cum
1194 425 1385 474 ceperitis,

49 486 221 524 candidis
240 487 338 526 velis
359 488 510 538 signum
543 487 635 525 mihi
667 487 830 526 dabitis:
860 500 941 539 ego,
961 487 1079 537 copiis
1107 487 1282 536 admotis,
1303 488 1385 525 hos-

49 555 126 587 tem
145 549 184 587 in
203 563 272 588 nos
303 564 326 588 a
344 551 452 589 vobis
484 555 711 588 convertam.
770 550 980 588 Praemium
999 550 1075 588 erit
1102 550 1138 588 ei
1156 550 1223 602 qui
1241 551 1387 601 primus

49 613 292 663 occupaverit
322 613 515 663 verticem,
547 613 692 650 talenta
724 613 868 651 decem.
938 613 1026 651 Uno
1055 613 1181 650 minus
1214 613 1386 663 accipiet,

47 676 114 727 qui
134 676 332 726 proximus
352 676 387 714 ei
406 676 555 714 venerit
573 689 580 713 :
624 675 830 727 eademque
851 675 900 713 ad
921 675 1052 713 decem
1071 675 1246 714 homines
1266 689 1386 714 serva-

48 739 153 776 bitur
172 738 331 789 ⁶portio.
391 738 548 777 Certum
561 744 689 776 autem
702 738 835 786 habco,
848 751 916 776 vos
930 752 1004 776 nou
1024 743 1102 776 tam
1116 738 1388 777 liberalitatem

49 801 191 839 intueri
211 815 344 850 meam,
364 802 480 853 quam
492 801 768 840 voluntatem.⁷'
807 802 818 819 ⁷
835 801 911 838 His
931 801 1066 838 animis
1095 801 1243 852 Regem
1263 802 1387 840 audie-

49 870 150 912 runt,
170 869 216 902 ut
239 866 321 914 jam
350 865 495 915 cepisse
515 865 697 903 verticem
716 864 961 902 viderentur:
1005 864 1226 916 dimissique
1246 865 1389 903 ferreos

49 940 200 975 cuneos,
220 940 315 979 quos
335 927 437 965 inter
462 940 556 965 saxa
584 927 798 978 defigerent,
819 926 1042 978 validosque
1062 927 1172 965 funes
1191 927 1386 978 parabant.

49 991 138 1028 Rex
167 991 442 1028 circumvectus
473 990 644 1038 Petram,
672 991 749 1040 qua
777 990 931 1027 minime
962 1003 1073 1040 asper
1100 1004 1144 1028 ac
1172 996 1390 1042 praeruptus

48 1053 176 1090 aditus
206 1052 423 1101 videbatur,
456 1052 627 1090 secundat
654 1052 792 1104 vigilia
822 1051 967 1102 ⁶³(qu0d
996 1052 1092 1091 bene
1123 1056 1307 1105 verteret)
1339 1054 1392 1091 in-

46 1115 158 1168 gredi
172 1115 296 1166 jubet.

129 1181 189 1217 41.
222 1179 301 1228 Illi,
323 1178 515 1216 allmcntis
536 1179 575 1216 in
593 1178 756 1217 biduum
786 1179 962 1229 sumptis,
982 1178 1123 1229 gladiis
1142 1179 1256 1217 modo
1277 1185 1392 1231 atquc

50 1243 172 1280 hastis
201 1242 338 1280 armati
372 1241 499 1280 subire
534 1251 740 1292 coeperunt.
799 1242 860 1279 Ac
885 1242 1009 1292 primo
1040 1241 1203 1292 pedibus
1232 1242 1393 1293 ingressi

50 1311 163 1344 sunt:
194 1305 345 1354 deinde,
375 1310 421 1343 ut
453 1306 492 1343 in
525 1310 722 1356 praerupta
753 1310 981 1356 perventum
1014 1310 1086 1353 cst,
1121 1304 1187 1342 alii
1216 1305 1393 1343 manibus

50 1369 258 1408 eminentia.
276 1382 370 1407 saxa
399 1368 588 1419 complexi
617 1368 794 1407 levavere
814 1373 946 1417 semet,
969 1368 1036 1406 alii
1067 1368 1225 1418 adjectis
1244 1369 1394 1406 funium

50 1433 195 1484 laqueis
216 1435 393 1482 evasere3
425 1433 514 1470 eum
547 1444 686 1469 cuneos
706 1431 806 1469 inter
839 1444 932 1469 saxa
960 1431 1167 1482 defigerent
1186 1432 1294 1483 queis
1313 1445 1393 1482 gra-

52 1496 123 1533 dus
142 1495 303 1533 subinde
337 1495 585 1532 insisterent:
615 1494 718 1532 diem
751 1494 853 1532 inter
871 1499 1017 1532 metum
1049 1494 1292 1546 laboremque
1313 1507 1393 1533 con-

52 1563 305 1608 sumpserunt.
363 1557 441 1595 Per
460 1570 594 1607 aspera
613 1557 737 1595 enixis
757 1557 912 1594 duriora
938 1557 1146 1605 restabant,
1167 1562 1206 1595 et
1226 1570 1395 1596 crescere

53 1620 218 1659 altitudo
239 1620 367 1658 Petrae
386 1619 600 1658 videbatur.
659 1618 736 1657 Illa
755 1619 845 1657 vcro
865 1619 1094 1657 miserabilis
1128 1625 1210 1657 erat
1238 1621 1250 1638 ⁹
1266 1620 1395 1668 facies,

53 1687 138 1722 cnm
170 1684 210 1733 ii,
230 1697 325 1735 quos
358 1683 550 1721 instabilis
579 1682 721 1734 gradus
753 1681 958 1730 fefellerat,
980 1695 1028 1719 ex
1058 1682 1249 1732 praecipiti
1269 1682 1395 1720 devol-

53 1752 234 1786 verentur
252 1759 259 1784 :
289 1759 378 1784 mox
397 1746 530 1784 eadem
563 1746 603 1783 in
636 1758 676 1783 se
695 1745 874 1796 patienda
893 1745 1007 1783 alieni
1036 1747 1150 1782 casus
1170 1745 1396 1783 ostendebat

55 1810 283 1862 exemplum.
341 1810 420 1848 Per
438 1809 508 1847 has
527 1814 655 1847 tamen
675 1808 919 1846 difficultates
940 1808 1138 1846 enituntur
1157 1808 1195 1846 in
1214 1808 1395 1848 verticem

54 1875 206 1923 montis,
237 1886 366 1912 omnes
398 1873 622 1924 fatigatione
655 1871 868 1910 continuati
900 1871 1043 1910 laboris
1070 1871 1208 1920 affecti,
1241 1871 1396 1922 quidam

54 1938 231 1976 mulctati
248 1942 358 1988 parte
376 1936 659 1987 membrorum3
689 1935 908 1987 pariterque
928 1948 992 1973 eos
1013 1939 1052 1973 et
1078 1947 1165 1983 nox,
1186 1940 1225 1972 et
1244 1947 1397 1972 somnus

56 2001 255 2052 oppressit.
313 1999 456 2039 Stratis
485 2000 630 2050 passim
659 1998 883 2049 corporibus
916 1998 956 2036 in
986 1998 1100 2036 inviis
1120 2003 1160 2036 et
1194 1998 1233 2035 in
1253 1997 1396 2048 asperis

57 2077 247 2112 saxorum,
266 2062 430 2114 periculi
461 2063 642 2101 instantis
662 2062 774 2102 obliti
807 2062 847 2099 iu
880 2061 1005 2099 lucem
1035 2061 1289 2113 quieverunt:
1318 2065 1396 2098 tan-

58 2128 218 2178 demque
245 2125 355 2164 velut
387 2138 436 2164 ex
469 2125 547 2164 alto
578 2138 712 2177 sopore
744 2125 914 2173 excitati,
934 2124 1102 2163 occultas
1131 2123 1397 2175 subjectasque

58 2190 152 2240 ipsis
184 2188 304 2227 valles
324 2189 347 2206 ¹⁰
361 2189 555 2238 rimantes,
575 2188 702 2240 ignari
731 2188 771 2226 in
803 2190 879 2239 qua
909 2192 1018 2238 parte
1052 2187 1183 2226 Petrae
1217 2191 1324 2225 tanta
1341 2186 1399 2224 vis

59 2253 225 2291 hostium
246 2251 401 2290 condita
433 2257 546 2299 esset,
564 2252 714 2290 fumum
746 2254 885 2302 specus
919 2251 1021 2289 infra
1040 2250 1185 2301 scipsos
1205 2249 1399 2289 evolutum

60 2321 297 2354 notaverunt.
356 2315 419 2354 Ex
438 2328 513 2366 quo
532 2315 772 2354 intellectum
802 2320 873 2363 est,
893 2314 1000 2353 illam
1027 2314 1195 2353 hostium
1214 2312 1400 2351 latebram

62 2393 153 2418 esse.
213 2379 350 2429 Itaque
369 2378 492 2415 hastis
523 2378 735 2428 imposuere
753 2377 856 2429 quod
876 2382 1105 2415 convenerat
1120 2377 1279 2427 signum,
1301 2380 1399 2411 toto·

63 2457 134 2495 que
155 2457 173 2480 c
195 2455 352 2479 numero
381 2441 476 2478 duos
511 2446 550 2477 et
583 2441 769 2491 tringinta
790 2441 826 2478 iu
847 2454 1005 2478 ascensu
1034 2439 1224 2477 interiisse
1246 2448 1395 2488 cognos
