1583 2680
102 161 174 197 182
560 171 741 204 QUINTI
779 171 963 198 cumn

94 263 254 315 cogitur,
273 262 401 301 valido
429 263 659 302 munimento
692 268 871 315 sepserat.
930 264 1255 304 ”Praeterfluebat
1285 268 1433 303 torrens

94 327 226 375 amnis,
258 326 324 377 qui
355 330 462 378 terga
490 327 620 365 Petrae
649 327 870 366 claudebat:
909 327 1007 365 hanc
1041 341 1155 366 manu
1180 327 1349 379 perviam
1381 328 1434 365 in·

94 389 186 427 colae
218 389 394 428 fecerant.
453 389 530 428 Sed
561 390 688 428 aditus
721 395 851 441 specus
882 391 1021 442 accipit
1052 391 1197 429 lucem:
1240 391 1434 438 interiora,

94 452 168 489 nisi
201 452 308 490 illato
339 453 491 501 lumine,
512 453 673 491 obscura
703 458 802 492 sunt.
860 454 1114 505 1⁹Perpetuus
1141 454 1333 492 cuniculus
1360 453 1436 490 iter

95 515 240 565 praebet
270 515 312 553 in
341 529 492 566 campos
523 516 706 568 ignotum,
739 516 815 554 nisi
847 516 1045 569 indigenis.
1113 518 1170 555 At
1206 510 1435 563 Alexander,

99 591 308 629 quanquam
339 579 537 630 angustias
565 579 732 617 naturali
763 579 842 618 situ
869 580 1036 619 munitas
1054 580 1186 619 valida.
1212 594 1327 618 manu
1345 580 1438 618 Bar-

99 640 178 678 bari
207 641 423 691 tuebantur,
453 647 583 680 tamen
614 643 797 681 arietibus
833 643 1008 692 admotis,
1038 644 1063 662 ²⁰
1073 644 1316 691 munimenta,
1353 656 1439 694 quae

95 717 208 741 manu
227 704 407 755 adjuncta
433 710 555 754 erant,
583 706 780 755 concussit,
801 706 1003 758 fundisque
1031 711 1071 744 et
1099 706 1253 758 sagittis
1279 719 1439 758 propug-

95 767 267 804 nantium
294 768 493 819 plerosque
509 768 670 818 dejecit:
699 781 792 820 quos
819 769 887 808 ubi
915 770 1105 819 dispersos
1131 770 1290 821 fugavit,
1309 769 1440 807 ruinas

95 830 415 868 munimentorum
434 843 714 881 supergressus,
735 831 785 868 ad
803 831 961 869 Petram
979 832 1150 871 admovit
1169 833 1385 870 exercitum.

182 894 237 930 10.
270 891 466 931 Caeterum
501 892 781 933 interveniebat
814 894 951 933 fluvius
987 895 1212 934 coeuntibus
1248 895 1357 946 aquis
1394 908 1441 933 ex

96 955 287 1005 superiore
315 955 470 1008 fastigio
499 956 540 994 in
568 957 720 1006 vallem,
752 957 952 1009 magnique
981 958 1106 1009 operis
1135 958 1336 997 videbatur
1362 963 1442 996 tam

99 1023 248 1056 vastam
277 1020 497 1070 voraginem
528 1019 691 1070 explere.
765 1020 877 1059 Gaedi
907 1025 1036 1059 tamen
1071 1022 1236 1071 arbores,
1275 1027 1315 1060 et
1351 1035 1441 1060 saxa

98 1081 248 1132 congeri
265 1082 390 1132 jussit.
446 1082 664 1134 Ingensque
678 1083 869 1123 Barbaros
886 1096 1004 1135 pavor
1017 1084 1130 1123 rudes
1148 1084 1197 1122 ad
1215 1084 1310 1122 talia
1328 1097 1442 1135 opera

99 1149 349 1194 concusserat,
371 1146 576 1183 excitatam
603 1146 744 1184 molem
777 1147 907 1186 subito
928 1152 1132 1186 cernentes.
1189 1147 1326 1199 Itaque
1354 1148 1442 1186 Rex

98 1208 147 1245 ad
183 1208 417 1246 deditionem
452 1213 558 1247 metu
600 1222 708 1260 posse
745 1210 920 1261 compelli
963 1215 1080 1259 ratus,
1119 1210 1292 1250 Oxarten
1335 1211 1442 1248 misit

98 1271 264 1309 nationis
299 1271 478 1321 ejusdem,
515 1272 581 1311 sed
617 1273 774 1311 ditionis
816 1286 906 1322 suae,
942 1274 1007 1325 qui
1051 1274 1229 1312 suaderet
1265 1274 1352 1312 duci
1396 1279 1443 1313 ut

100 1330 269 1372 traderet
287 1335 454 1374 Petram.
511 1335 677 1374 Interim
695 1336 744 1374 ad
761 1337 971 1388 augendam
988 1337 1239 1387 formidinem,
1259 1344 1297 1377 et
1316 1343 1442 1377 turres

99 1397 406 1454 admovebantur,
427 1404 466 1437 et
484 1412 643 1437 excussa
660 1401 861 1438 tormentis
880 1401 959 1438 tela
976 1401 1001 1419 ²¹
1015 1401 1235 1440 emicabant.
1305 1402 1443 1453 Itaque

98 1462 278 1500 verticem
297 1463 440 1511 Petrae,
459 1463 484 1480 ²²
499 1463 601 1501 omni
619 1463 695 1501 alio
713 1463 891 1513 praesidio
910 1464 1099 1513 damnato,
1118 1465 1346 1515 petiverunt.
1386 1467 1444 1504 At

102 1524 270 1564 Oxartes
312 1525 503 1575 trepidum
548 1525 851 1577 diffidentemque
894 1527 1006 1565 rebus
1050 1527 1130 1565 suis
1176 1527 1444 1579 Sysimithrem

100 1588 216 1638 eoepit
244 1588 400 1637 hortari,
431 1589 456 1606 ²³
469 1593 514 1626 ut
543 1589 668 1637 fidem,
696 1590 811 1640 quam
828 1589 907 1628 vim
933 1589 1195 1640 Macedonum,
1222 1591 1357 1629 mallet
1383 1605 1445 1630 ex-

99 1652 236 1702 periri,
283 1665 359 1690 neu
402 1658 614 1691 moraretur
649 1653 937 1692 festinationem
971 1654 1129 1693 victoris
1174 1656 1368 1694 exercitiis
1403 1655 1445 1694 in

100 1714 254 1753 Indiam
292 1715 506 1754 tendentis:
552 1716 658 1754 ²⁴cui
693 1716 864 1768 quisquis
901 1722 1023 1755 semet
1058 1718 1222 1766 offerret,
1259 1718 1301 1756 in
1336 1731 1444 1758 suum

100 1783 212 1829 eaput
237 1779 401 1817 alienam
430 1777 575 1818 cladem
604 1793 686 1818 esse
705 1793 910 1819 versurum.
967 1781 1024 1819 Et
1052 1781 1132 1831 ipse
1161 1781 1313 1832 quidem
1342 1782 1443 1832 Sysi-

100 1842 259 1880 mithres
300 1843 325 1859 ²⁵
341 1842 573 1880 deditionem
614 1843 825 1881 annuebat:
872 1846 1049 1881 caeterum
1085 1848 1206 1882 mater
1241 1844 1444 1896 eademque

101 1907 241 1956 conjux
271 1906 496 1944 morituram
525 1918 564 1943 se
595 1907 682 1943 ante
713 1905 943 1943 denuncians
961 1907 1076 1956 quam
1106 1906 1146 1943 in
1163 1906 1280 1945 ullius
1298 1908 1445 1946 veniret

100 1974 340 2019 potestatem,
360 1968 523 2008 Barbari
552 1969 717 2006 animum
746 1968 794 2006 ad
823 1968 1041 2007 honestiora.
1058 1971 1172 2020 quam
1192 1971 1334 2009 tutiora
1361 1984 1444 2010 eon-

101 2037 294 2071 verterat:
334 2032 576 2083 pudebatque
612 2031 802 2070 libertatis
838 2033 962 2081 majus
1001 2045 1082 2070 csse
1120 2033 1221 2083 apud
1256 2034 1443 2084 foeminas,

100 2097 215 2147 quam
236 2095 335 2146 apud
353 2096 467 2144 viros,
487 2097 514 2113 ²⁶
529 2095 703 2146 pretium.
743 2095 880 2145 Itaque
896 2095 1052 2133 dimisso
1072 2096 1308 2135 internuncio
1326 2098 1444 2148 pacis,

103 2158 336 2196 obsidionem
365 2159 463 2197 ferre
495 2159 722 2197 decreverat.
780 2158 855 2196 Sed
888 2160 977 2196 cum
1006 2159 1126 2197 hostis
1154 2160 1253 2199 vires
1286 2173 1446 2212 suasque

102 2225 288 2272 pensaret,
308 2223 442 2258 rursus
457 2221 655 2260 muliebris
674 2221 834 2270 consilii,
853 2222 952 2272 quod
973 2223 1180 2273 ²⁷praeceps
1198 2223 1317 2275 magis
1329 2225 1444 2275 quam

103 2284 353 2322 necessarium
383 2297 461 2321 esse
491 2284 679 2332 credebat,
712 2285 894 2334 poenitere
927 2299 1012 2323 eum
1043 2287 1166 2337 eoepit.
1237 2286 1446 2324 Revocato-

102 2360 175 2398 que
195 2347 346 2385 strenue
369 2346 525 2395 Oxarte,
545 2347 715 2385 futurum
748 2361 786 2385 sc
807 2347 846 2384 in
866 2348 984 2399 Regis
1014 2354 1201 2399 potestate
1228 2348 1444 2400 respondit:

104 2423 219 2447 unum
250 2415 435 2460 precatus,
455 2423 501 2448 nc
532 2410 767 2449 voluntatem
798 2417 836 2449 et
868 2412 1067 2450 eonsilium
1096 2412 1230 2450 matris
1257 2425 1336 2450 sum
1361 2423 1444 2462 pro·

105 2473 220 2521 deret,
249 2474 322 2524 quo
351 2473 505 2511 facilius
524 2474 635 2512 venia
665 2474 723 2511 illi
755 2488 900 2526 quoquc
932 2475 1206 2526 impetraretur.
1271 2473 1442 2514 Proemis·
