1583 2680
111 145 184 180 152
572 149 757 184 QUINTI
799 148 981 175 cunTn

106 247 274 291 ritatem,
316 258 416 283 nunc
460 245 693 296 paucitatem
738 255 916 294 spernere
960 241 1161 292 incipiunt.
1245 239 1448 290 Praecipue

108 310 254 347 Bessus
283 309 393 346 ferox
422 307 560 356 verbis,
581 315 621 345 et
645 311 756 357 parto
775 319 843 356 per
873 305 998 343 scelus
1027 317 1146 355 regno
1177 303 1376 354 superbuS,
1407 314 1451 338 ac

107 373 174 410 vix
202 377 337 422 potens
369 372 520 418 mentis,
541 371 666 408 dicere
687 369 862 408 orditur:
894 368 1118 407 “Socordia
1148 366 1260 405 Darii
1287 365 1451 403 crevisse

108 435 277 473 hostium
309 435 460 472 famam.
530 433 755 473 Occurrisse
786 432 886 470 enim
916 431 956 469 in
989 430 1138 469 Ciliciae
1169 427 1453 481 angustissimis

109 499 293 545 faucibus,
314 501 399 535 cum
428 497 703 536 retrocedendo
722 501 854 546 posset
880 495 1089 546 perducere
1110 494 1283 531 incautos
1303 493 1343 529 in
1371 492 1465 529 loca⁴

109 566 256 599 naturae
289 562 367 599 situ
397 561 510 610 invia,
530 566 589 599 tot
621 560 841 598 fluminibus
871 559 1045 609 objectis,
1066 562 1127 596 tot
1154 557 1343 595 montium
1362 555 1454 592 late-

111 625 201 673 bris,
222 625 323 662 inter
341 638 436 676 quas
469 624 728 675 deprehensus
761 623 894 669 hostis,
914 635 962 660 ne
991 622 1095 672 fugae
1113 621 1280 672 quidem,
1313 619 1455 657 nedum

111 688 327 736 resistendi,
367 688 602 725 occasionem
641 687 762 724 fuerit
807 685 1021 724 habiturus.
1098 684 1183 723 Sibi
1229 684 1379 733 placere
1417 682 1455 718 in

112 751 325 802 Sogdianos
357 751 547 798 recedere,
580 750 710 789 Oxum
738 762 887 786 amnem
906 748 1013 787 velut
1045 761 1198 785 murum
1217 747 1457 796 objecturum

111 815 224 864 hosti,
244 814 335 851 dum
365 827 413 851 ex
441 813 615 850 finitimis
644 813 824 862 gentibus
842 811 973 850 valida
1003 811 1149 849 auxilia
1175 813 1455 848 concurrerent.

113 878 310 916 Venturos
330 882 460 914 autem
481 876 738 924 Chorasmios,
760 880 798 913 et
817 875 960 923 Dahas,
982 875 1186 926 Sacasque,
1207 879 1247 912 et
1268 873 1400 921 Indos,
1421 876 1458 910 et

112 941 214 978 ultra
235 941 395 978 Tanaim
410 953 559 978 amnem
579 939 747 977 colentes
769 938 954 989 Scythas,
976 951 1139 990 quorum
1157 937 1348 975 neminem
1363 935 1458 973 adeo

113 1004 295 1042 humilem
324 1017 416 1054 esse,
435 1008 481 1041 ut
510 1003 659 1040 humeri
689 1004 772 1053 ejus
790 1015 867 1040 non
894 1006 1052 1052 possent
1072 1000 1294 1039 Macedonis
1322 998 1458 1037 militis

115 1068 298 1105 verticem
317 1067 504 1118 aequare.⁷’
563 1065 812 1105 Conclamant
831 1064 1046 1113 temulenti,
1065 1078 1179 1102 unam
1194 1064 1290 1101 hanc
1310 1067 1458 1100 senten-

116 1131 207 1168 tiam
237 1130 425 1168 salubrem
455 1141 560 1167 esse:
608 1133 647 1166 et
678 1128 824 1166 Bessus
861 1127 1096 1166 circumferri
1133 1139 1279 1164 merum
1315 1126 1459 1178 largius

123 1195 244 1244 jubet,
267 1193 526 1231 debellaturus
547 1205 662 1242 super
681 1204 850 1229 mensam
869 1190 1149 1228 Alexandrum.

201 1260 258 1295 14.
291 1257 388 1294 Erat
406 1257 446 1294 in
465 1269 508 1294 eo
525 1256 696 1294 convivio
729 1255 908 1302 Gobares,
929 1254 1083 1292 natione
1115 1254 1268 1302 Medus,
1290 1254 1358 1291 sed
1385 1267 1459 1291 ma-

117 1322 210 1374 gicae
230 1321 324 1358 artis
345 1320 395 1370 (si
414 1320 526 1358 modo
543 1325 602 1357 est
621 1332 694 1368 arS,
710 1332 785 1357 non
800 1318 998 1357 vanissimi
1015 1320 1200 1369 cujusque
1220 1317 1461 1368 ludibrium),

118 1385 238 1435 magis
253 1384 490 1435 professione
505 1384 621 1434 quam
642 1383 801 1420 scientia
822 1382 980 1430 celeber,
997 1381 1167 1432 alioquin
1181 1381 1403 1419 moderatus
1423 1386 1462 1418 et

117 1449 268 1499 probus.
326 1448 380 1495 Is,
402 1448 491 1484 cum
506 1447 689 1497 praefatus
705 1450 817 1493 esset,
835 1446 942 1493 scire,
959 1458 1066 1483 servo
1083 1458 1164 1482 esse
1179 1445 1314 1483 utilius
1328 1458 1463 1495 parere

119 1513 233 1561 dicto,
265 1514 382 1562 quam
413 1511 548 1548 afferre
568 1509 782 1556 consilium,
815 1509 929 1545 ¹cf1m
960 1508 1048 1546 illos
1067 1508 1134 1559 qui
1161 1513 1333 1558 pareant,
1361 1507 1464 1546 idem

117 1576 220 1627 quod
240 1580 411 1622 caeteros,
432 1578 606 1622 mancat3
638 1572 703 1623 qui
723 1573 812 1611 vcro
833 1572 1031 1620 suadeant,
1051 1572 1247 1622 proprium
1267 1571 1341 1609 sibi
1369 1571 1464 1622 peri·

119 1640 258 1686 culum,
279 1639 291 1655 ²
309 1639 328 1658 ’ἒ
359 1639 378 1658 *
411 1639 430 1658 *
462 1638 481 1657 ³*
511 1635 692 1687 poculum
715 1636 761 1684 ei,
782 1635 885 1687 quod
905 1635 1071 1674 habebat
1089 1635 1128 1672 in
1143 1648 1271 1682 manu,
1288 1635 1463 1672 tradidit.

121 1703 205 1749 Quo
237 1705 405 1752 accepto,
429 1700 609 1750 Gobares,
651 1702 672 1720 “
692 1699 729 1737 N
734 1700 885 1747 atura,”
919 1699 1056 1751 inquit,
1077 1701 1100 1720 ‘⁶
1116 1698 1338 1736 mortalium
1368 1698 1380 1715 ³
1395 1698 1465 1736 hoe

119 1779 269 1818 quoque
289 1765 440 1803 nomine
460 1777 577 1814 prava
597 1768 636 1801 et
655 1763 809 1800 sinistra
829 1763 904 1800 dici
924 1767 1063 1813 potest,
1084 1762 1186 1812 qued
1210 1762 1249 1798 in
1278 1773 1346 1799 suo
1365 1761 1466 1812 quis-

120 1844 192 1881 quc
212 1829 365 1880 negotio
385 1827 559 1865 hebetior
578 1831 649 1874 cst,
671 1827 787 1877 quaim
809 1826 847 1863 in
868 1825 1002 1863 alieno.
1062 1824 1236 1863 Turbida
1264 1830 1355 1862 sunt
1383 1838 1465 1862 con-

122 1894 208 1932 silia
228 1906 370 1939 corum,
391 1891 456 1938 qui
477 1890 550 1928 sibi
570 1889 756 1938 suadent,
789 1889 917 1927 obstat
946 1888 1032 1926 aliis
1052 1893 1188 1935 motus,
1209 1887 1295 1924 aliis
1324 1888 1465 1938 cupidi-

123 1964 192 2005 tas,
231 1968 499 2006 nonnunquam
538 1953 726 1992 naturalis
764 1966 907 1999 corum,
946 1965 1032 2003 qum
1070 1951 1309 2003 cogitaveris,
1349 1964 1464 1989 amor.

124 2021 224 2059 Nam
245 2020 282 2057 iu
311 2024 349 2057 tc
378 2018 557 2069 superbia
583 2031 658 2055 non
688 2016 800 2054 cadit.
860 2015 1058 2065 Expertus
1089 2028 1129 2052 es
1149 2028 1468 2066 unumquemque,

123 2084 224 2136 quod
241 2084 320 2133 ipsc
339 2083 538 2133 repererit,
559 2086 626 2119 aut
645 2080 781 2128 solum,
804 2085 871 2117 aut
891 2079 1077 2130 optimum
1099 2079 1250 2116 ducere.
1284 2078 1469 2129 Magnum

125 2161 219 2186 onus
239 2146 404 2184 sustines
425 2146 560 2196 eapite,
582 2144 729 2195 regium
752 2143 908 2194 insigne.
969 2143 1055 2180 1100
1077 2148 1143 2179 aut
1172 2142 1368 2180 moderato
1389 2155 1469 2192 per-

126 2210 321 2249 ferendum
343 2214 413 2256 cst,
435 2214 502 2245 aut
523 2208 640 2259 (quod
660 2208 671 2224 ⁴
686 2207 896 2256 abominor)
920 2206 957 2243 iu
980 2211 1016 2243 te
1037 2211 1133 2243 ruet.
1194 2205 1376 2255 Consilio,
1396 2218 1470 2243 non

127 2275 271 2324 impetu
305 2286 399 2322 opus
431 2273 525 2309 cst.’'
585 2271 735 2320 Adjicit
773 2270 923 2309 deinde.
962 2270 1064 2321 quod
1103 2269 1204 2320 apud
1242 2269 1470 2307 Bactrianos

129 2338 243 2387 vulgo
276 2335 536 2386 usurpabant,
585 2335 726 2373 CANEM
761 2347 927 2371 ‘rmum-³1
962 2346 1238 2370 vnummxrirs
1272 2345 1470 2378 LATRARE,

129 2402 235 2445 Quin
259 2412 476 2438 monnunn:
510 2412 708 2436 Alfflssma
727 2411 891 2441 ψυκιμϊ,
908 2410 1080 2435 i'lA'MlNA
1103 2410 1242 2434 nmmo
1258 2409 1352 2434 sorio
1369 2407 1468 2432 mm.

130 2469 225 2510 Qum
247 2463 404 2511 inserui,
426 2469 479 2510 ut,
501 2462 787 2513 qualiscumque
810 2462 908 2499 iuter
932 2461 1124 2499 Barbaros
1140 2444 1268 2510 potuit
1285 2471 1367 2496 csse
1388 2471 1458 2508 pru
