1583 2680
414 189 576 215 mnan
612 189 710 215 vn.
749 189 860 216 car.
900 190 1019 216 vl11.
1320 182 1390 220 165

48 281 149 321 disse
167 293 208 320 se
226 281 426 330 affirmans,
443 281 577 332 utique
595 280 786 332 prioribus
811 281 925 334 longe
945 281 1117 321 diversa:
1146 283 1170 300 ²³
1183 287 1265 321 tum
1291 284 1391 322 solli-

48 345 236 383 citudinis
255 357 387 383 causas
405 345 637 395 apparuisse,
656 358 755 383 nunc
771 358 926 396 prorsus
943 346 1092 398 egregie
1111 346 1265 385 litatum
1285 360 1375 386 esse.

127 411 188 447 31.
221 407 418 455 Caetertim
447 421 532 459 quae
565 408 725 446 subinde
744 409 924 447 nunciata
954 414 1043 448 sunt
1062 409 1176 461 Regi,
1206 411 1392 449 continuae

47 472 227 510 felicitati
260 484 388 509 rerum
419 473 501 521 ejus
534 472 792 522 imposuerant
826 472 961 512 labem.
1029 472 1304 522 Menedemum,
1346 480 1390 512 ut

45 537 162 587 supra
195 535 343 573 dictum
375 540 445 583 est,
479 535 636 573 miserat
666 536 715 573 ad
743 535 988 574 obsidendum
1015 535 1269 587 Spitamencm
1297 536 1389 575 Bac-

43 599 179 638 trianae
199 598 423 637 defectionis
451 603 653 637 auctorem.
709 599 734 616 ²⁴
748 598 838 647 Qui,
857 603 1047 650 comperto
1074 600 1196 638 hostis
1214 600 1389 649 adventu,

43 675 92 700 ne
110 663 228 700 muris
257 662 365 700 urbis
398 662 667 710 includeretur,
687 662 714 680 '³⁵
728 661 840 701 simul
867 663 988 700 fretus
1018 663 1142 714 excipi
1173 676 1294 714 posse,
1314 668 1390 715 qual

45 732 250 764 venturum
288 725 444 773 sciebat,
478 725 648 763 consedit
680 725 858 764 occultus.
929 726 1125 777 Sylvestre
1154 727 1230 765 iter
1260 732 1389 777 aptum

50 789 198 827 insidiis
234 789 409 840 tegendis
446 793 538 826 crat.
613 788 678 826 Ibi
713 788 843 826 Dahas
886 789 1069 827 condidit.
1144 789 1246 842 Equi
1281 790 1390 829 binos

51 857 217 890 armatos
235 852 390 900 vehunt,
409 865 570 903 quorum
600 851 762 889 invicem
793 851 935 904 singuli
963 853 1118 902 repente
1138 852 1332 901 desiliunt,
1351 858 1390 890 ct

45 915 235 967 equestris
265 928 402 967 pugnae
431 914 601 952 ordinem
631 915 798 953 turbant.
874 915 1069 966 Equorum
1100 914 1295 953 velocitati
1323 928 1391 965 par

46 984 107 1016 cst
136 979 333 1016 hominum
363 977 579 1028 pernicitas.
636 977 721 1015 Hos
752 977 990 1028 Spitamenes
1020 978 1158 1016 saltum
1193 978 1390 1016 circumire

50 1044 191 1092 jussos,
228 1041 372 1092 pariter
402 1045 442 1078 et
472 1053 496 1078 a
526 1040 722 1088 lateribus,
752 1046 791 1078 et
821 1053 845 1077 a
874 1040 1010 1089 fronte,
1039 1045 1078 1078 et
1107 1054 1130 1078 a
1156 1046 1263 1093 tergo
1290 1041 1390 1078 hosti

43 1104 218 1143 ostendit.
276 1103 527 1142 Menedemus
556 1103 723 1154 undiquc
760 1103 944 1151 inclusus,
971 1116 1019 1140 ne
1048 1115 1205 1141 numero
1240 1104 1390 1154 quidem

41 1181 122 1219 par,
155 1167 227 1205 diu
260 1171 387 1205 tamen
418 1166 574 1214 restitit,
608 1166 824 1214 clamitans,
866 1165 1023 1204 “Nihil
1059 1166 1165 1204 aliud
1197 1179 1390 1216 superesse

42 1232 210 1270 locorum
241 1230 377 1269 fraude
411 1229 593 1280 deceptis,
626 1231 742 1281 quum
772 1228 942 1268 honestae
973 1229 1108 1268 mortis
1137 1229 1316 1267 solatium
1344 1243 1390 1267 ex

42 1295 210 1333 hostium
228 1294 367 1333 eaede.'’
422 1293 558 1344 Ipsum
588 1292 800 1343 praevalens
832 1304 950 1343 equus
967 1291 1139 1341 vehebat,
1157 1305 1232 1344 quo
1251 1292 1392 1343 saepiiis

43 1359 83 1396 in
101 1371 237 1397 cuneos
256 1357 515 1396 Barbarorum
543 1356 672 1394 effusis
702 1355 860 1394 habenis
878 1356 903 1373 ²⁶
914 1359 1080 1404 evectus,
1099 1358 1238 1407 magna
1266 1361 1391 1407 strage

43 1435 108 1460 eos
123 1421 287 1460 fuderat.
345 1420 422 1459 Sed
449 1421 537 1457 cum
567 1432 686 1457 unum
705 1431 835 1457 omnes
861 1423 1048 1470 peterent,
1075 1419 1210 1456 multis
1227 1418 1391 1457 vulneri-

43 1485 114 1524 bus
132 1484 349 1536 exsanguis,
371 1483 574 1534 Hipsidem
593 1482 793 1533 quemdam
827 1495 875 1520 ex
901 1482 1046 1530 amicis,
1065 1481 1239 1520 hortatus
1258 1487 1327 1531 est,
1347 1488 1392 1519 ut

45 1549 85 1586 in
103 1561 239 1599 equum
259 1559 368 1584 suum
388 1545 617 1593 ascenderet,
637 1550 677 1582 et
695 1557 735 1582 se
763 1545 857 1596 fuga
874 1545 1047 1595 eriperet.
1103 1545 1200 1584 Haec
1218 1551 1391 1597 agentem

46 1611 171 1648 anima
203 1609 357 1656 defecit,
385 1620 591 1658 corpusque
625 1620 672 1644 ex
703 1620 798 1658 equo
831 1607 992 1645 defluxit
1022 1607 1063 1644 in
1090 1612 1239 1646 terram.
1296 1607 1392 1657 Hip-

47 1673 146 1712 sides
163 1677 316 1724 poterat
333 1671 487 1723 quidem
516 1671 692 1722 effugere,
714 1670 794 1718 scd,
815 1670 952 1708 amisso
980 1670 1114 1719 amieo,
1132 1670 1227 1708 mori
1243 1670 1389 1708 statuit.

47 1737 135 1775 Una
153 1741 235 1774 erat
253 1748 352 1783 cura,
372 1747 419 1771 ne
447 1734 594 1771 inultus
621 1732 820 1771 occideret.
878 1732 1027 1784 Itaque,
1048 1732 1213 1771 subditis
1241 1732 1392 1770 calcari·

47 1800 119 1839 bus
149 1811 258 1850 equo,
278 1798 318 1835 in
350 1797 497 1835 medios
527 1796 657 1834 hostes
686 1809 725 1834 se
752 1795 920 1845 immisit,
949 1800 999 1845 et,
1019 1796 1256 1834 memorabili
1285 1796 1392 1833 editzi

47 1865 187 1914 pugna,
207 1861 364 1900 obrutus
391 1860 479 1898 telis
506 1864 574 1898 est.
633 1858 745 1905 Quod
776 1859 844 1897 ubi
862 1858 995 1897 videre
1025 1859 1091 1910 qui
1121 1859 1216 1898 caedi
1248 1871 1392 1910 supere-

47 1930 144 1974 rant,
177 1924 366 1962 tumulum
397 1922 512 1974 paulo
542 1923 660 1974 quam
693 1927 833 1961 caetera
864 1922 1064 1960 editiorem
1092 1922 1270 1972 capiunt:
1299 1934 1394 1973 quos

49 1989 299 2040 Spitamenes,
329 1987 431 2025 fame
461 1986 503 2024 in
534 1985 768 2024 deditionem
801 1985 1040 2034 subacturus,
1075 1985 1233 2023 obsedit.
1291 1984 1394 2023 Ceci-

49 2056 142 2090 uere
169 2064 213 2089 eo
230 2050 364 2101 praelio
395 2049 568 2100 peditum
600 2049 675 2087 duo
702 2048 837 2097 millia,
866 2049 1027 2086 trecenti
1055 2049 1214 2100 equites.
1273 2047 1395 2094 Quam

51 2114 197 2153 cladem
216 2113 439 2152 Alexander
468 2112 601 2151 solerti
630 2111 788 2150 consilio
816 2111 925 2160 texit,
946 2116 1067 2149 morte
1089 2111 1315 2150 denunciata
1334 2110 1394 2159 iis,

51 2178 117 2230 qui
137 2191 184 2215 ex
202 2176 334 2227 praelio
353 2176 595 2224 advenerant,
615 2175 649 2213 si
667 2180 751 2212 acta
769 2174 1001 2226 vulgassent.

134 2239 254 2278 VIII.
285 2242 346 2277 32.
377 2238 565 2277 Caeteriim
583 2241 667 2276 cum
687 2239 696 2256 ¹
712 2238 836 2276 animo
864 2237 1054 2289 disparem
1072 2237 1219 2276 vultum
1249 2237 1396 2275 (liutius

53 2305 152 2343 serre
185 2316 261 2341 non
292 2305 432 2352 posset,
461 2301 502 2338 in
534 2301 830 2350 tabernaculum,
858 2313 973 2352 supra
1001 2301 1124 2352 ripam
1154 2301 1319 2339 fluminis
1352 2300 1397 2336 de

55 2367 246 2406 industria
276 2365 453 2413 locatum,
484 2364 652 2403 secessit.
707 2365 720 2383 ²
737 2364 801 2403 Ibi
830 2365 911 2403 sine
930 2364 1084 2403 arbitris
1104 2364 1253 2416 singula
1283 2361 1398 2399 animi

55 2431 226 2469 consulta
262 2427 468 2480 pensando,
511 2432 659 2465 noctem
695 2428 839 2479 vigiliis
882 2428 1062 2476 extraxit,
1100 2428 1199 2477 saepe
1237 2424 1400 2476 pellibus

60 2493 293 2533 tabernaculi
328 2490 510 2538 allevatis,
542 2494 583 2527 at
615 2491 846 2540 conspiceret
874 2490 1040 2528 hostium
1071 2490 1187 2541 igncS,
1217 2501 1236 2525 e
1263 2485 1401 2539 quibus
