1583 2680
474 145 634 170 mni-:R
671 144 714 168 v.
756 143 866 168 CAP.
907 143 975 167 iv.
1347 130 1394 167 91

51 241 92 274 et
125 235 172 274 iis
205 236 337 287 eopiiS,
355 249 449 287 quas
478 236 672 288 Meleager
702 234 878 283 ducebat,
897 238 936 272 et
965 232 1175 286 sagittariis
1208 232 1399 283 equitibus

49 299 166 348 mille,
198 299 381 351 praecipit,
414 304 458 336 ut
490 304 704 337 castrorum
735 297 858 349 specie
889 301 1076 344 manente,
1109 295 1237 346 plures
1269 295 1316 332 de
1344 296 1397 332 in-

52 362 204 400 dustria
235 363 340 414 ignes
372 362 453 400 fieri
486 362 700 412 imperaret,
731 362 806 412 quo
838 360 962 412 magis
999 359 1161 398 Barbari
1189 358 1395 405 crederent,

48 425 174 476 ipsum
193 425 341 476 Regem
360 425 400 463 in
420 425 555 462 eastris
571 438 662 463 esse.
722 423 922 473 Caetertm,
942 423 975 462 si
994 423 1096 461 forte
1117 422 1396 461 Ariobarzanes

47 487 299 539 cognovisset,
319 501 385 538 per
416 488 571 526 callium
601 488 787 526 infractus
818 487 844 506 ¹²
855 500 943 525 eum
970 486 1127 534 intrare,
1147 490 1187 523 et
1214 484 1264 522 ad
1291 498 1396 522 oceu-

46 550 212 600 pandum
231 551 305 589 iter
325 564 446 599 suum,
464 555 613 602 partem
640 551 833 601 copiarum
859 553 1048 588 tentasset
1067 561 1276 599 opponere3
1309 547 1396 586 Cra-

49 618 167 662 terus,
188 613 229 650 in
261 627 347 652 eum
368 614 392 632 ¹³
406 614 516 651 illato
544 619 700 662 terrore,
718 613 902 651 retineret
931 612 980 650 ad
1010 612 1168 664 propius
1187 611 1395 662 periculum

46 689 271 715 conversum
289 689 434 728 agmen.
492 676 560 715 Sin
593 681 719 714 autem
749 676 831 727 ipse
848 675 999 714 hostem
1025 675 1238 722 fefellisset,
1267 680 1305 711 et
1325 673 1395 710 sal-

45 744 127 777 tum
165 742 400 790 occupasset,
439 741 531 777 esim
565 739 838 790 trepidantium
881 738 1142 778 Barbarorum
1187 737 1395 775 tumultum

44 802 269 840 exaudisset
299 804 325 820 ¹⁴
340 792 839 854 persequentiumeegem,
859 802 900 839 id
931 802 1056 852 ipsum
1075 801 1160 850 iter,
1179 813 1254 852 quo
1272 800 1395 850 pridie

44 864 143 914 pulsi
162 865 328 914 fuerant,
349 878 397 903 ne
417 865 609 904 dubitaret
627 865 774 916 ingredi
791 877 800 903 :
829 864 970 916 quippe
988 877 1148 902 vacuum
1166 864 1261 912 fore,
1280 862 1395 900 hosti-

45 927 115 965 bus
135 927 176 965 in
195 933 316 966 semet
334 928 487 967 aversis.

130 993 186 1029 15.
217 990 307 1041 Ipse
339 991 457 1028 tertia
477 991 625 1042 vigilia,
655 990 786 1028 silenti
815 991 977 1042 agmine,
997 1003 1040 1028 ae
1068 1003 1115 1027 ne
1134 989 1226 1027 tub-21
1243 988 1393 1040 quidem

43 1053 132 1091 dato
151 1053 276 1105 signo,
297 1053 422 1104 pergit
440 1053 490 1090 ad
521 1053 825 1090 demonstratum
854 1054 927 1091 iter
945 1053 1106 1091 callium.
1163 1052 1298 1090 Tridui
1328 1052 1395 1090 ali-

42 1121 173 1154 menta
190 1121 343 1167 portare
362 1116 530 1154 militem
557 1117 727 1165 jusserat
753 1115 890 1154 leviter
909 1120 1103 1153 armatum.
1161 1115 1238 1153 Sed
1258 1120 1396 1165 praeter

42 1179 166 1217 invias
197 1191 321 1229 rupes,
351 1191 394 1216 ae
425 1183 619 1229 praerupta
650 1191 753 1227 saxa,
782 1177 986 1228 vestigium
1017 1176 1176 1215 subinde
1209 1177 1394 1226 fallentia,

43 1242 112 1280 nix
142 1242 335 1280 cumulata
362 1247 475 1281 vento
506 1241 766 1293 ingredientes
792 1241 993 1293 fatigabat.
1053 1239 1202 1290 Quippe
1220 1240 1328 1278 velut
1355 1241 1394 1277 in

43 1305 171 1344 foveas
201 1304 319 1343 delati
349 1304 635 1353 hauriebantur,
655 1309 695 1342 et
723 1305 812 1342 eum
831 1317 854 1342 a
871 1303 1198 1342 commilitonibus
1225 1302 1393 1341 levaren-

44 1373 119 1417 tur,
151 1368 356 1407 trahebant
386 1368 508 1420 magis
546 1367 782 1418 adjuvanteS,
815 1369 931 1418 quam
966 1366 1229 1418 sequebantur.
1304 1365 1394 1404 Nox

42 1444 201 1482 quoque,
231 1436 271 1469 et
298 1432 430 1484 ignota.
461 1431 579 1483 regio,
614 1443 657 1468 ae
690 1431 779 1479 dux,
815 1430 1019 1481 (incertum
1054 1442 1103 1466 an
1139 1429 1234 1467 satis
1269 1428 1392 1479 fidus,)

44 1494 354 1544 multiplicabant
386 1496 412 1513 ¹⁵
426 1499 584 1543 metum,
616 1494 658 1532 si.
686 1493 864 1531 custodes
906 1493 1118 1542 fefellisset,
1150 1492 1260 1544 quasi
1291 1493 1393 1530 feras

45 1556 190 1594 bestias
226 1556 330 1606 ipsos
361 1569 473 1607 posse
501 1555 745 1606 deprehendi.
816 1555 881 1593 Ex
908 1555 1022 1593 unius
1051 1555 1194 1605 captivi
1222 1554 1283 1592 vel
1318 1555 1391 1593 fide

44 1619 106 1657 vel
143 1618 281 1667 anima,
316 1618 479 1669 pendere
517 1623 557 1656 et
585 1616 707 1670 Regis
750 1617 990 1655 salutemet
1028 1629 1146 1655 suam.
1222 1617 1391 1655 Tandem

45 1684 182 1720 venere
201 1681 241 1719 in
255 1683 401 1733 jugum.
457 1683 497 1720 A
516 1681 653 1719 dextra
671 1681 746 1719 iter
764 1680 814 1718 ad
841 1679 964 1731 ipsum
982 1679 1280 1717 Ariobarzanem
1297 1685 1389 1718 erat.

46 1745 126 1783 Hie
144 1744 340 1783 Philotam
359 1748 399 1782 et
419 1743 562 1783 Coenon
580 1756 667 1781 cum
694 1744 869 1794 Amynta
888 1747 926 1780 et
955 1741 1261 1792 Polyspereonte,
1282 1754 1390 1792 expe-

46 1807 166 1846 ditam
194 1807 379 1845 habentes
409 1819 575 1855 manum,
605 1806 775 1857 reliquit,
805 1805 981 1854 monitos,
1017 1807 1037 1826 “
1053 1809 1097 1842 ut
1128 1804 1219 1856 quia
1239 1804 1390 1856 ²⁶eques

44 1870 167 1922 pediti
197 1875 278 1908 erat
307 1870 462 1918 mixtus,
482 1874 522 1908 et
549 1871 627 1921 qua
647 1869 943 1921 pinguissimum
973 1872 1074 1906 esset
1104 1867 1239 1916 solum,
1259 1872 1299 1906 et
1327 1881 1389 1918 pa-

44 1933 128 1972 buli
160 1933 298 1982 fertile,
336 1934 478 1972 sensim
512 1932 794 1983 proeederent.”
862 1931 988 1969 Duces
1022 1935 1130 1969 erant
1155 1930 1307 1968 itineris
1342 1930 1390 1969 de

46 1997 207 2046 captivis
226 1996 320 2035 dati.
376 1995 467 2047 Ipse
496 2008 580 2034 eum
615 1995 825 2047 armigeris,
845 1999 885 2032 et
918 1994 992 2043 ala,
1011 2007 1126 2045 quam
1145 1994 1302 2042 Agenza
1328 2007 1389 2044 ap-

45 2059 202 2109 pellant,
232 2059 353 2098 ardue
385 2058 538 2107 semita,
566 2058 634 2097 sed
662 2058 818 2110 longius
845 2071 868 2095 a
896 2057 1124 2095 stationibus
1150 2056 1317 2094 hostium
1334 2069 1388 2095 re-

46 2124 165 2170 mota,
184 2121 308 2160 multa.
335 2134 421 2160 cum
448 2121 647 2160 vexatione
678 2120 873 2172 processit.
930 2119 1082 2158 Medius
1114 2124 1197 2157 erat
1226 2119 1320 2168 dies,
1351 2126 1389 2157 et

46 2184 222 2236 fatigatis
252 2184 465 2223 necessaria.
491 2185 608 2236 quies.
665 2183 815 2234 Quippe
835 2182 1070 2221 tantumdem
1089 2182 1240 2221 itineris
1259 2195 1386 2233 super-

45 2252 140 2296 erat,
169 2251 352 2298 quantum
379 2247 523 2285 emensi
540 2251 661 2296 erant,
681 2247 748 2285 sed
766 2247 896 2284 mimis
908 2245 1115 2297 praecipitis
1133 2250 1247 2296 atque
1266 2245 1385 2282 ardui.

45 2310 184 2362 Itaque
219 2309 374 2348 refectis
408 2309 494 2348 cibo
530 2322 733 2361 somnoque
769 2309 972 2358 militibus,
1011 2309 1215 2346 ¹⁷seeundzi.
1251 2307 1385 2358 vigilia

44 2374 180 2426 surgit,
218 2378 256 2411 et
291 2377 430 2411 caetera
464 2372 616 2423 quidem
650 2373 754 2411 haud
789 2373 890 2424 aegre
927 2371 1121 2423 proeteriit.
1179 2370 1386 2417 Caeterum,

43 2437 121 2489 qua
150 2450 190 2475 se
215 2438 349 2488 jugum
378 2435 562 2473 montium
591 2435 777 2486 paulatim
806 2435 855 2473 ad
884 2435 1058 2485 planiora
1085 2433 1265 2479 demittit,
1296 2431 1384 2468 ¹⁹in·

719 2494 741 2526 5
