1583 2680
162 113 232 148 142
616 123 803 155 QUINrr
842 123 1028 148 CURTII

155 214 245 253 bulo
264 214 380 265 regiae
398 215 538 264 praeste
558 214 646 252 sint.
706 214 810 260 Quos
829 214 896 253 ubi
915 214 1134 265 frequentes
1154 214 1287 253 adesse
1307 214 1494 265 cognovit,

155 277 195 314 in
214 277 431 315 concionem
449 276 648 327 processit.
706 277 718 295 ³
735 276 855 314 Haud
872 277 986 314 dubie
1007 290 1054 314 ex
1074 277 1282 327 composito
1303 277 1494 327 Apharias

154 340 348 390 postulare
385 340 511 390 eoepit,
540 344 585 377 ut
619 340 827 391 Lyncestes
861 339 1096 390 Alexander,
1133 341 1210 391 qui,
1247 341 1370 378 multo
1407 345 1495 378 ante

155 416 266 453 quam
301 402 489 451 Philotas,
519 402 668 454 Regem
699 402 887 442 voluisset
915 402 1099 450 occidere,
1129 403 1387 441 exhiberetur.
1456 405 1496 441 A

154 465 303 503 duobus
322 465 512 504 indicibus
533 465 649 514 (sicut
679 466 797 515 supra
824 465 1008 516 diximus)
1031 465 1194 514 delatus,
1227 467 1386 504 tertium
1415 468 1495 516 jam

155 542 296 566 annum
328 528 616 567 custodiebatur
645 528 685 565 in
704 527 877 566 vinculis·
937 528 1127 566 Eumdem
1145 529 1186 566 in
1213 529 1388 579 Philippi
1407 543 1496 580 quo·

153 604 226 642 que
264 591 406 629 caedem
445 593 664 641 conjurasse
703 604 788 629 eum
825 591 1034 639 Pausania,
1071 605 1140 642 pro
1169 597 1362 642 comperto
1394 593 1494 630 fuit:

155 654 222 691 sed
252 654 342 705 quia
370 654 517 705 primus
546 654 813 692 Alexandrum
843 654 992 705 Regem
1029 655 1277 703 salutaverat,
1309 655 1495 705 supplicio

154 717 274 768 magis
306 719 422 768 quam
455 717 604 755 crimini
635 718 763 755 fuerat
793 722 1003 768 exemptus.
1063 718 1162 755 Tum
1191 731 1344 769 quoque
1383 719 1493 756 Auti-

153 780 254 830 patri
274 780 395 817 soceri
414 781 496 829 ejus
516 793 647 830 preces
674 782 820 830 justam
841 779 963 832 Regis
983 780 1081 818 iram
1100 781 1357 819 morabantur.
1417 780 1494 820 Cae-

157 844 284 880 terum
303 843 503 880 recruduit
522 848 723 893 soporatus
756 843 884 881 dolor:
915 844 1056 894 quippe
1075 844 1218 882 veteris
1245 844 1404 895 periculi
1423 858 1495 882 mc-

155 906 313 943 moriam
332 906 534 956 praesentis
566 919 657 944 cura
686 907 901 945 renovabat.
972 907 1104 958 Igitur
1134 907 1358 945 Alexander
1378 921 1398 945 e
1417 921 1495 946 cus-

153 969 258 1006 todia
296 969 482 1017 educitur,
517 971 724 1020 jussusque
763 969 900 1018 dicere,
947 983 1177 1022 quamquam
1213 975 1295 1009 toto
1333 971 1496 1009 triennio

151 1032 358 1069 meditatus
404 1036 488 1070 erat
533 1032 804 1080 defensionem,
850 1038 979 1071 tamen
1015 1033 1196 1072 haesitans
1233 1038 1272 1071 et
1309 1034 1494 1084 trepidus,

151 1108 270 1145 pauca
289 1108 337 1133 ex
357 1095 406 1132 iis
434 1109 520 1145 quae
540 1100 814 1145 composuerat,
835 1096 1024 1146 protulit:
1054 1097 1103 1133 ad
1131 1096 1309 1134 ultimum
1328 1110 1403 1134 non
1421 1111 1494 1135 mc-

151 1158 270 1194 moria
307 1157 444 1205 solum,
483 1158 551 1195 scd
588 1158 704 1195 ctiam
741 1171 848 1195 mens
886 1172 973 1196 eum
1006 1158 1196 1196 destituit.
1273 1159 1386 1197 Nulli
1414 1165 1496 1198 erat

152 1220 310 1258 dubium
325 1221 417 1271 quin
436 1220 641 1271 trepidatio
661 1221 672 1238 ⁴
684 1222 926 1260 conscientiae
941 1222 1125 1260 indicium
1141 1227 1252 1271 esset,
1267 1236 1342 1261 non
1357 1237 1494 1262 memo-

151 1284 219 1321 riae
248 1283 396 1321 vitium.
454 1283 592 1334 Itaque
622 1284 697 1322 ‘'ex
729 1284 778 1321 iis
806 1285 874 1335 qui
901 1285 1075 1335 proxime
1105 1285 1321 1334 astiterant,
1343 1286 1493 1324 ⁰obluc-

151 1351 295 1384 tantem
315 1346 438 1384 adhuc
458 1346 654 1395 oblivioni,
674 1346 817 1385 lanceis
838 1348 1099 1386 confoderunt.

231 1413 266 1447 2.
304 1408 424 1459 Cujus
455 1422 611 1459 corpore
643 1410 808 1458 sublate,
830 1410 919 1449 Rex
938 1411 1131 1449 introduci
1146 1412 1263 1462 jussit
1283 1413 1496 1463 Amyntam

151 1477 188 1509 et
209 1472 416 1510 Simmiam.
475 1472 512 1510 N
517 1485 577 1510 am
598 1472 785 1511 Polemon
811 1473 991 1511 minimus
1011 1487 1059 1512 ex
1077 1475 1275 1523 fratribus,
1296 1477 1384 1513 cum
1405 1476 1493 1514 Phi-

151 1535 268 1572 lotam
300 1535 471 1586 torqueri
505 1535 764 1586 comperisset,
798 1537 1032 1588 profugerat.
1106 1537 1289 1576 Omnium
1327 1538 1495 1577 Philotae

151 1599 358 1636 amicorum
387 1599 429 1635 hi
459 1599 649 1637 carissimi
678 1599 841 1648 fuerant,
862 1600 911 1637 ad
939 1614 1076 1651 magna
1096 1606 1136 1639 et
1154 1601 1341 1639 honorata
1368 1603 1493 1640 minis-

151 1661 246 1698 teria
264 1661 369 1699 illius
388 1661 553 1699 maxime
570 1663 842 1713 suffragatione
857 1664 1034 1714 producti
1051 1677 1059 1702 :
1080 1665 1381 1716 memineratque
1405 1666 1493 1704 Rex

150 1737 294 1762 summo
327 1724 453 1763 studio
483 1725 529 1763 ab
550 1738 593 1763 eo
624 1726 846 1764 conciliatos
874 1727 960 1765 sibi.
1021 1727 1104 1765 Nec
1133 1727 1349 1776 dubitabat,
1379 1729 1493 1778 hujus

148 1800 298 1838 quoque
337 1787 465 1825 ultimi
502 1787 651 1825 consilii
688 1788 808 1826 fuisse
845 1789 1062 1839 participes.
1131 1789 1267 1828 ⁷Olim
1304 1803 1386 1828 csse
1420 1791 1493 1829 sibi

150 1854 347 1900 suspectos
384 1850 518 1887 matris
556 1863 635 1888 suae
672 1850 825 1899 litteris,
864 1852 1003 1902 quibus
1041 1857 1142 1890 essct
1180 1852 1412 1901 admonitus,
1450 1860 1492 1892 ut

150 1913 196 1950 ab
226 1913 285 1950 his
317 1912 478 1950 salutem
511 1925 618 1951 suam
649 1918 845 1952 tueretur:
889 1914 1101 1952 ‘caetcrum
1130 1928 1170 1953 se
1198 1915 1361 1954 invitum
1390 1917 1493 1956 dete-

149 1976 248 2012 riora
284 1975 512 2023 credentem,
549 1989 650 2013 nunc
687 1976 902 2014 manifestis
939 1977 1090 2014 iudiciis
1127 1978 1282 2026 victum,
1326 1981 1490 2029 jussisse

150 2038 296 2075 vinciri.
357 2039 458 2076 Nam
487 2039 613 2089 pridie
635 2039 751 2090 quam
780 2039 1025 2091 detegeretur
1056 2041 1223 2079 Philotan
1243 2042 1378 2091 scelus,
1399 2044 1490 2094 quin

152 2100 190 2136 in
224 2105 368 2138 secreto
400 2102 586 2152 cumipse
619 2102 794 2150 fuissent,
824 2115 899 2140 non
931 2116 1042 2153 posse
1076 2104 1256 2142 dubitari.
1314 2105 1490 2144 Fratrem

149 2164 240 2200 vero
275 2163 339 2213 qui
374 2165 596 2214 profugerit,
626 2166 715 2202 eum
748 2165 794 2202 de
827 2166 985 2203 Philota
1014 2173 1263 2217 quaereretur,
1298 2169 1490 2219 aperuisse

149 2226 249 2276 fugae
279 2239 439 2263 causam.
511 2228 645 2278 Nuper
675 2234 815 2277 praetcr
852 2230 1179 2278 consuetudinem,
1209 2231 1322 2269 officii
1351 2233 1488 2282 specie,

149 2289 286 2326 amotis
305 2289 453 2339 longius
474 2291 634 2338 caetcris,
653 2291 870 2329 admovisse
891 2294 1116 2343 semetipsos
1150 2294 1258 2331 lateri
1279 2307 1360 2341 suo,
1380 2294 1489 2332 nulla

149 2351 338 2401 probabili
373 2354 508 2389 causa:
555 2366 670 2403 seque
709 2354 907 2392 mirantem
939 2356 1041 2406 qued
1074 2358 1175 2395 ”non
1204 2357 1284 2395 viee
1319 2360 1388 2395 sua
1420 2357 1488 2394 tali

148 2415 398 2466 fungerentur
430 2415 561 2462 officio,
591 2421 623 2453 et
657 2417 739 2466 ipszi
780 2418 1034 2468 trepidatione
1063 2433 1192 2458 eorum
1231 2420 1486 2471 perterritum,
