1583 2680
503 187 659 213 LrssEn
694 186 773 211 111.
812 185 918 211 cnr.
957 185 1007 210 11.
1401 172 1426 207 9

87 277 185 318 Inde
205 279 344 318 emissa
362 284 644 331 occupaverunt
672 277 962 330 Mesopotamiae
991 288 1155 326 campos,
1176 274 1347 326 equitum
1366 287 1413 324 pe

87 343 288 394 ditumque
317 343 593 393 propemodum
621 341 910 380 innumerabilis
939 340 1064 388 turba,
1084 339 1267 388 majorem
1287 337 1429 388 ³quiim

85 419 156 456 pro
184 418 343 443 numero
364 406 528 456 speciem
555 418 702 456 gerens.
762 405 968 442 Persarum
999 406 1108 440 erant
1126 405 1278 439 centum
1296 400 1429 449 millia,

86 468 257 520 innqueis
276 468 418 519 ‘eques
446 468 607 519 triginta
633 468 756 505 millia
785 466 980 517 implebat.
1038 464 1146 503 Medi
1175 464 1305 501 decem
1325 463 1426 514 equi-

88 536 182 578 tum,
220 531 499 582 quinquaginta
534 531 657 568 millia
692 530 866 581 peditum
902 528 1106 567 habebant.
1170 526 1427 565 Barcanorum

88 593 265 644 equitum
284 593 360 631 duo
380 593 505 631 millia
523 593 643 641 fuere,
657 593 796 630 armati
814 591 1054 643 bipennibuS,
1070 590 1292 642 levibusque
1311 589 1430 627 scutis

89 657 231 694 ‘cetrae
251 656 417 695 maxime
446 657 610 707 speciem
637 655 913 704 reddentibus;
943 654 1119 706 peditum
1149 653 1281 692 decem
1310 652 1431 691 millia

88 720 172 770 pari
191 722 388 758 armatura
417 719 681 771 sequebantur.
740 718 918 757 Armenii
945 717 1198 770 quadraginta
1224 716 1346 755 millia
1364 715 1430 754 mi-

90 787 220 820 serant
246 782 433 832 peditum,
454 782 598 820 additis
627 786 774 832 septem
800 780 973 820 millibus
1001 781 1183 832 equitum.
1242 779 1430 830 Hyrcani,

90 845 260 895 “egregii
289 850 334 882 ut
364 845 467 882 inter
498 844 586 882 illas
616 849 762 895 genteS,
784 857 852 882 sex
884 843 1007 882 millia
1038 843 1295 894 expleverant,
1324 842 1431 893 equis

90 907 317 945 militatura.
375 907 560 946 Derbices
579 907 834 958 quadraginta
848 906 973 944 millia
987 906 1161 956 peditum
1180 910 1430 943 armaverant.

93 969 280 1008 Pluribus
299 982 374 1007 aere
391 974 458 1007 aut
475 970 576 1007 ferro
596 969 764 1019 praefixae
784 969 918 1016 hastae,
938 968 1093 1019 quidam
1106 967 1252 1018 lignum
1264 967 1351 1019 igne
1367 967 1431 1005 ‹lu-

91 1036 289 1081 raverant,
318 1031 388 1069 hos
407 1045 558 1082 quoque
580 1031 654 1069 duo
680 1031 802 1069 millia
821 1031 992 1082 equitum
1011 1044 1058 1069 ex
1077 1030 1212 1068 eadem
1238 1035 1351 1082 gente
1374 1043 1432 1068 co-

90 1095 228 1132 mitata
246 1099 347 1132 sunt.
405 1095 444 1132 A
464 1094 603 1144 Caspio
623 1094 720 1131 mari
747 1098 833 1131 octo
852 1093 1018 1131 millium
1045 1093 1222 1143 pedester
1242 1093 1434 1131 exereitus

91 1162 262 1205 venerat,
283 1157 440 1194 ducenti
459 1157 621 1208 equites.
681 1156 778 1195 Cum
797 1156 858 1193 his
879 1161 988 1194 erant
1015 1155 1202 1206 ignobiles
1221 1155 1330 1194 Asiae
1347 1169 1432 1206 gen-

91 1225 150 1258 tes
167 1232 175 1258 :
205 1220 281 1258 duo
302 1219 425 1257 millia
444 1219 629 1270 peditum,
650 1219 822 1270 equitum
843 1218 1034 1270 duplicem
1061 1223 1287 1269 paraverant
1304 1231 1432 1257 nume-

92 1297 187 1321 rum.
230 1283 308 1320 His
324 1283 444 1334 copiis
459 1283 620 1334 triginta
635 1283 647 1301 ⁷
660 1282 783 1320 millia
799 1281 1033 1330 Graecorum,
1048 1281 1220 1319 mercede
1235 1281 1432 1330 conducta,

93 1346 257 1398 egregiae
273 1346 503 1396 juventutis,
521 1345 672 1396 adjecta
691 1350 792 1383 sunt.
851 1344 952 1383 Nam
972 1344 1200 1383 Bactrianos
1220 1349 1260 1382 ct
1279 1344 1434 1395 Sogdia-

92 1423 174 1458 nOS,
195 1414 234 1448 ct
255 1409 389 1458 Indos,
409 1414 646 1460 caeterosque
675 1408 687 1426 ⁸
700 1408 810 1446 rubri
836 1408 953 1446 maris
982 1407 1142 1456 accolas,
1163 1408 1293 1458 ignota
1320 1408 1434 1445 ctiam

93 1475 106 1492 ⁹
119 1473 194 1524 ipsi
213 1473 386 1524 gentium
404 1473 570 1520 nomina,
591 1471 786 1510 festinatio
805 1471 1033 1522 prohibebat
1051 1471 1175 1509 acciri.

173 1538 208 1573 5.
239 1535 277 1574 N
282 1548 325 1573 cc
343 1535 548 1586 quicquam
566 1534 626 1572 illi
644 1534 787 1583 minus,
808 1535 925 1585 quam
952 1533 1161 1572 multitudo
1187 1533 1354 1572 militum
1374 1533 1435 1571 dc-

94 1598 192 1636 fuit:
222 1599 332 1647 cujus
351 1602 434 1635 tum
453 1597 644 1635 universae
663 1601 823 1647 aspectu
838 1596 1043 1634 admodum
1069 1596 1192 1644 laetus,
1215 1598 1241 1615 ¹⁰
1253 1610 1434 1647 purpura-

95 1661 148 1698 tis
176 1659 292 1697 solita
312 1659 483 1698 vanitate
511 1672 615 1709 spem
645 1661 730 1708 ejus
758 1659 990 1706 inflantibus,
1011 1671 1216 1696 conversus
1235 1659 1284 1696 ad
1306 1658 1435 1697 Chari-

96 1723 249 1761 demum
277 1722 565 1771 Atheniensem,
593 1721 687 1759 belli
715 1721 895 1771 peritum,
924 1726 963 1758 ct
992 1721 1040 1759 ob
1068 1720 1227 1759 exilium
1254 1721 1436 1758 infestum

97 1785 335 1829 Alexandro,
370 1784 524 1835 (quippe
555 1784 735 1832 Athenis,
767 1784 927 1834 jubente
965 1797 1021 1832 eo,
1060 1783 1188 1822 fuerat
1230 1783 1432 1834 expulsus)

95 1848 337 1899 percunctari
356 1848 481 1898 coepit,
504 1849 528 1865 ¹¹
545 1850 566 1868 “
584 1847 728 1885 satisne
748 1847 785 1885 ei
804 1847 1002 1885 videretur
1031 1847 1243 1884 instructus
1264 1847 1312 1884 ad
1331 1846 1435 1885 obte-

96 1911 258 1948 rendum
275 1910 426 1948 hostem
441 1911 458 1947 ⁸?
476 1911 495 1930 ’²
550 1911 608 1948 At
634 1910 712 1959 ille,
742 1915 782 1948 et
809 1923 889 1948 suae
917 1910 1032 1948 sortis
1052 1915 1092 1948 ct
1109 1910 1226 1960 regiae
1248 1909 1436 1960 superbiae

97 1973 262 2012 oblitus:
294 1973 556 2021 ¹²“Verum,''
585 1973 723 2024 inquit,
743 1976 765 1995 “
782 1979 822 2012 et
849 1978 893 2011 tu
919 1973 1048 2011 forsan
1082 1973 1215 2011 audire
1244 1973 1367 2022 nolis;
1397 1979 1436 2010 ct

98 2050 179 2088 ego,
199 2036 273 2074 nisi
292 2050 391 2074 nunc
411 2037 556 2084 dixero,
573 2037 670 2074 alias
689 2037 946 2088 nequidquam
966 2036 1182 2075 confitebor.
1241 2036 1318 2074 Hic
1338 2036 1437 2073 tanti

99 2103 307 2149 apparatiis
326 2099 530 2147 exercitus,
546 2099 627 2138 haec
643 2104 703 2138 tot
720 2100 904 2151 gentium,
923 2104 962 2138 ct
981 2101 1101 2138 totius
1119 2099 1292 2139 Orientis
1312 2100 1437 2137 excita

99 2161 253 2200 sedibus
273 2162 353 2200 suis
372 2162 503 2210 moles,
523 2163 696 2200 finitimis
723 2167 852 2213 potest
881 2175 964 2200 esse
993 2162 1204 2201 terribilis:
1234 2162 1332 2200 nitet
1351 2175 1435 2212 pur-

99 2228 207 2274 pura,
228 2238 404 2276 auroque,
425 2225 549 2276 fulget
567 2225 683 2263 armis
703 2230 743 2263 et
762 2225 970 2276 opulentia,
993 2226 1019 2244 ¹³
1032 2231 1212 2277 quantam
1231 2225 1297 2276 qui
1317 2225 1436 2262 oculis

99 2300 173 2323 non
189 2286 397 2336 subjecere,
413 2288 549 2325 animis
562 2289 758 2338 concipere
774 2301 849 2326 non
865 2294 1032 2339 possunt.
1091 2288 1167 2327 Sed
1184 2288 1433 2326 Macedonum

100 2350 198 2387 acics
220 2350 244 2367 ¹⁴
260 2355 366 2388 torva
385 2352 475 2388 sane
493 2356 532 2389 et
551 2351 708 2399 inculta,
724 2351 869 2402 clypeis
888 2351 1085 2402 hastisque
1105 2351 1316 2388 immobiles
1338 2351 1363 2367 ¹⁶
1376 2362 1434 2386 cu-

99 2426 203 2460 neos,
233 2417 272 2450 ct
302 2413 515 2451 ¹⁶conscrta
539 2414 676 2452 robora
694 2415 864 2453 virorum
894 2415 1002 2465 tegit.
1060 2414 1142 2464 Ipsi
1172 2415 1196 2431 ¹*
1213 2412 1435 2463 phalangem

101 2480 236 2514 vocant
254 2475 426 2526 peditum
445 2476 582 2514 stabile
597 2490 741 2526 agmen.
802 2477 876 2515 Vir
892 2478 985 2524 viro,
1004 2478 1117 2514 armis
1138 2489 1242 2513 arma
1261 2480 1434 2512 conserta
