1583 2680
149 187 227 224 262
615 197 799 230 QUINTI
836 198 1024 224 eURTu

149 295 235 329 tens
254 289 415 339 animus,
434 303 496 329 res
522 294 779 329 novaturum:
807 290 1024 329 meminisse
1045 291 1055 309 ¹
1072 304 1170 341 eum,
1190 291 1284 344 quid
1313 291 1361 330 de
1389 291 1498 344 Rege

147 354 367 393 meruisset:
396 355 408 372 ²
420 353 609 392 neminem
628 358 757 392 autem
776 353 812 391 ei
839 354 933 393 satis
950 354 1066 393 fidum
1094 368 1186 404 esse,
1206 368 1318 406 quem
1337 360 1496 395 metuat.

147 417 236 456 Rex
253 417 472 468 patiebatur
489 416 622 468 magis,
642 418 758 468 quam
784 417 1076 456 assentiebatur.
1133 417 1273 470 Itaque
1302 418 1499 470 Meleager

147 481 343 519 silentium
375 494 444 531 pro
483 480 642 531 imperio
679 480 835 530 habuit;
876 480 1058 532 misitque
1096 481 1218 533 Regis
1255 482 1405 520 nomine
1433 482 1498 534 qui

146 545 369 583 Perdiccam
398 548 647 582 accerserent.
704 543 849 581 Iisdem
875 544 1098 582 mandatum
1128 549 1172 583 ut
1208 545 1434 595 occiderent,
1465 545 1498 583 si

145 608 274 648 venire
311 608 516 647 dubitaret.
586 606 803 655 Perdiccas,
846 607 1026 646 nunciato
1064 608 1275 646 satellitum
1319 609 1484 648 adventu

145 672 337 710 sexdecim
355 671 534 709 ³omnino
564 669 694 720 pueris
722 670 840 721 regiae
870 670 1035 708 cohortis
1063 671 1267 709 comitatus
1296 671 1337 709 in
1368 672 1498 710 limine

145 735 282 773 domus
313 748 393 774 suae
430 733 615 780 constitit,
650 733 972 784 ⁴castigatosque,
1007 739 1046 771 et
1084 734 1272 786 Meleagri
1309 735 1498 786 mancipia.

144 798 357 836 identidem
393 796 600 847 appellans,
637 796 692 834 sic
721 795 837 833 animi
863 796 1072 847 vultusque
1104 797 1321 835 constantia
1348 798 1496 847 terruit,

143 866 188 900 ut
218 861 286 900 vix
321 861 461 898 mentis
494 865 690 911 compotes
722 860 908 912 fugerent.
973 860 1178 898 Perdiccas
1214 873 1354 912 pueros
1377 861 1497 912 jussit

144 938 259 977 equos
293 924 566 974 conscendere;
611 928 650 961 ct
680 936 766 961 cum
796 924 928 974 paucis
957 924 1166 962 amicorum
1193 925 1243 962 ad
1281 925 1495 963 Leonatum

143 988 329 1039 pervenit,
358 989 438 1038 jam
463 987 629 1026 firmiore
656 987 837 1038 praesidio
855 987 933 1027 vim
959 988 1261 1039 propulsaturus,
1281 989 1314 1027 si
1333 989 1416 1041 quis
1444 989 1497 1027 in-

143 1055 272 1092 ferret.
330 1053 493 1091 Postero
513 1052 574 1089 die
594 1051 751 1103 indigna
778 1064 840 1089 res
874 1051 1148 1091 Macedonibus
1166 1052 1383 1102 videbatur,
1404 1053 1496 1092 Per-

143 1117 287 1155 diccam
306 1116 355 1154 ad
372 1115 509 1154 mortis
527 1115 737 1166 periculum
767 1115 1000 1165 adductum;
1032 1120 1070 1153 et
1099 1115 1288 1168 Meleagri
1306 1116 1496 1154 temerita-

143 1186 220 1218 tem
252 1180 367 1218 armis
400 1180 527 1217 ultum
556 1180 612 1217 ire
645 1179 898 1218 decreverant.
967 1180 1100 1230 Atque
1132 1179 1194 1217 illi
1223 1180 1312 1217 cum
1348 1179 1495 1231 Regem

142 1245 326 1292 adissent,
346 1243 582 1294 interrogare
603 1255 688 1280 eum
717 1244 875 1292 coepere,
897 1255 946 1279 an
976 1242 1201 1280 Perdiccam
1230 1243 1494 1294 comprehendi

141 1308 221 1358 ipse
237 1307 424 1358 jussisset.
481 1306 569 1354 Ille,
590 1305 781 1357 Meleagri
808 1306 995 1344 instinctu
1025 1319 1065 1344 se
1094 1306 1266 1356 jussisse,
1287 1307 1491 1358 respondit.

143 1371 335 1410 Oaetertm
351 1383 427 1408 non
447 1369 586 1408 debere
613 1369 842 1408 tumultuari
861 1382 924 1407 cos
941 1383 949 1408 ε
979 1369 1203 1408 Perdiccam
1232 1370 1332 1408 enim
1351 1370 1491 1412 vivere.

141 1434 270 1486 Igitur
289 1434 467 1472 concione
487 1432 658 1482 dimissa,
680 1432 877 1484 Meleager
904 1432 1073 1484 equitum
1101 1433 1265 1471 maxime
1287 1433 1494 1472 defectione

139 1498 378 1549 perterrituS,
397 1497 582 1548 inopsque
601 1495 753 1534 concilii
775 1496 931 1547 (quippe
960 1496 1000 1533 in
1020 1496 1144 1546 ipsum
1172 1497 1383 1547 periculum
1401 1497 1494 1535 reci-

139 1562 260 1610 derat,
279 1560 382 1612 quod
411 1560 564 1598 inimico
593 1559 706 1610 paulo
727 1561 815 1597 ante
836 1559 1081 1611 intenderat),
1102 1559 1272 1598 triduum
1302 1560 1380 1598 fere
1409 1573 1494 1599 con-

141 1624 315 1675 sumpsit,
335 1624 484 1662 incerta
504 1623 664 1662 consilia
682 1622 880 1662 volvendo.
951 1622 1006 1661 Et
1023 1623 1187 1673 pristina
1204 1623 1359 1675 quidem
1377 1624 1494 1676 regiae

141 1688 285 1740 specics
317 1687 506 1726 manebat.
565 1686 669 1724 Nam
691 1690 730 1724 et
754 1685 873 1738 legati
901 1686 1074 1738 gentium
1093 1686 1237 1738 Regem
1257 1687 1426 1736 adibant,
1455 1692 1494 1726 et

139 1751 333 1802 copiarum
365 1750 479 1788 duces
513 1749 685 1799 aderant,
719 1753 757 1787 et
789 1749 1023 1788 vestibulum
1061 1749 1245 1788 satellites
1280 1750 1492 1802 armatique

140 1814 428 1865 compleverant.
487 1813 563 1852 Sed
582 1813 739 1865 ⁵ingens
771 1815 841 1852 sua
868 1817 1002 1864 sponte
1030 1813 1216 1852 moestitia
1233 1813 1384 1853 ultimae
1410 1814 1491 1852 des-

138 1878 346 1929 perationis
376 1877 491 1915 index
523 1881 628 1926 erat3
670 1876 911 1927 suspectique
944 1876 1118 1924 invicem,
1150 1889 1224 1914 non
1261 1876 1366 1915 adire
1406 1891 1489 1928 pro-

138 1943 240 1993 pius,
270 1955 345 1979 non
377 1940 542 1992 colloqui
574 1938 791 1978 audebant:
835 1944 999 1977 secretas
1037 1939 1287 1991 cogitationes
1320 1940 1423 1979 intra
1451 1955 1490 1980 se

137 2006 297 2057 quisque
315 2005 511 2044 volventes
527 2017 535 2054 3
567 2008 605 2042 et
624 2016 672 2042 cx
691 2002 970 2054 comparatione
999 2003 1119 2054 Regis
1147 2003 1237 2041 novi
1256 2003 1488 2043 desiderium

139 2069 378 2107 excitabatur
398 2068 537 2106 amissi.
594 2067 675 2107 Ubi
693 2067 760 2105 ille
779 2071 890 2115 esset,
910 2067 1019 2116 cujus
1039 2067 1252 2117 imperium,
1272 2069 1380 2118 cujus
1405 2082 1490 2107 aus·

139 2131 279 2181 picium
299 2132 417 2170 secuti
447 2135 566 2180 crant,
586 2129 837 2182 requirebant.
894 2129 1111 2168 Destitutos
1132 2142 1170 2168 sc
1200 2130 1300 2168 inter
1329 2130 1489 2170 infestas

140 2194 417 2245 indomitasque
450 2199 593 2245 gentes,
614 2194 625 2211 ⁶
641 2193 879 2244 expetituras
899 2197 955 2230 tot
983 2192 1151 2231 cladium
1170 2206 1323 2231 suarum
1343 2206 1486 2244 poenas,

137 2258 447 2309 quandocumque
479 2257 608 2296 oblata
639 2261 738 2295 essct
769 2256 924 2295 occasio.
983 2256 1058 2294 His
1086 2256 1383 2309 cogitationibus
1412 2257 1488 2295 ani-

137 2334 217 2359 mos
250 2321 473 2369 excdebant,
506 2324 590 2359 cuni
623 2320 886 2369 annunciatur,
918 2319 1067 2372 equites
1097 2320 1163 2372 qui
1200 2320 1271 2358 sub
1304 2319 1487 2358 Perdicca

137 2389 273 2431 essent,
308 2385 499 2433 occupatis
533 2385 633 2421 circa
663 2383 897 2434 Babylonem
926 2383 1080 2433 campis,
1110 2383 1356 2431 frmnentum,
1385 2381 1487 2434 quod

138 2448 176 2485 in
212 2447 343 2485 urbem
380 2447 638 2495 invehebatur,
677 2446 895 2485 retinuisse.
966 2446 1105 2497 Itaque
1142 2446 1270 2497 inopia
1304 2445 1484 2497 primum,

137 2511 271 2549 deinde·
303 2511 419 2548 fames
451 2525 533 2549 csse
561 2511 685 2561 coepit.
756 2510 810 2548 Et
839 2509 964 2562 quiin
992 2510 1084 2548 urbe
1113 2514 1233 2558 erant,
1261 2514 1326 2547 aut
1357 2521 1483 2548 recou-
