1583 2680
149 130 199 166 44
608 135 798 164 QUINTI
831 131 1018 158 CURTII

149 231 348 279 acciderat,
387 228 562 267 admovit.
637 226 795 264 ⁷Prima
831 238 851 262 e
888 223 1139 262 Macedonum
1181 222 1353 271 navibus,
1386 222 1483 273 quin-

149 294 335 346 queremis
354 291 552 331 velocitate
582 291 679 328 inter
707 292 862 326 caeteras
892 286 1070 334 eminens,
1091 285 1276 323 occurrit:
1304 298 1416 336 quam
1447 289 1491 321 ut

149 357 376 407 conspexere
408 354 528 405 Tyrii,
547 353 632 391 duae
651 352 662 369 ⁸
677 365 696 389 e
717 351 864 389 diverso
892 349 933 386 in
961 349 1083 396 latera
1102 349 1184 398 ejus
1203 348 1361 387 invectae
1389 352 1490 395 sunt,

150 420 189 457 in
207 432 366 470 quarum
385 418 543 455 alteram
570 413 849 466 quinqueremis
869 412 1003 450 eadem
1030 413 1229 461 concitata,
1249 415 1287 450 et
1305 412 1387 462 ipsa
1414 424 1492 449 ros-

151 488 210 520 tro
242 483 318 519 icta
350 485 418 529 est,
440 485 478 517 et
509 479 617 516 illam
643 477 806 516 invicem
832 476 966 514 tenuit.
1023 475 1190 528 Jamque
1219 488 1389 527 ea,-quae
1415 488 1490 512 non

151 545 370 592 cohaerebat,
390 544 511 582 libero
539 541 685 592 impetu
703 544 845 588 evecta,
878 539 919 576 in
947 538 1052 577 aliud
1080 538 1361 590 quinqueremis
1390 538 1492 575 latus

152 608 407 655 invehebatur,
428 607 516 643 cum
547 603 831 655 opportunitate
861 603 961 641 mira
992 603 1161 641 triremis
1189 616 1210 640 e
1239 602 1357 640 classe
1377 601 1494 639 Alex-

153 671 271 719 andri,
304 672 344 707 in
376 683 459 707 eam
491 669 622 719 ipsam,
656 680 742 718 quae
771 666 1028 718 quinqueremi
1060 665 1292 714 imminebat,
1321 667 1431 702 tanta
1456 664 1495 701 vi

153 735 314 784 impulsa
345 737 414 781 est,
451 737 496 770 ut
525 731 666 782 Tyrius
693 730 925 781 gubernator
952 730 993 767 in
1021 742 1125 767 mare
1159 731 1447 767 ⁹executeretur
1476 739 1496 764 e

152 798 276 847 puppi.
346 797 484 834 Phu=es
521 794 658 833 deinde
696 793 951 831 Macedonum
986 805 1101 831 naves
1137 793 1418 843 superveniunt,
1458 796 1498 829 et

153 861 241 897 Rex
275 871 420 909 quoque
466 857 620 907 aderat3
663 859 753 894 clim
799 856 909 907 Tyrii
946 857 969 874 ¹⁰
983 855 1196 894 inhibentes
1231 868 1366 904 remos,
1396 856 1496 907 aegre

155 924 175 940 ¹¹
193 914 356 960 evellere
373 934 506 959 navem
525 934 611 972 quae
628 920 810 968 haerebat,
828 924 1053 970 portumque
1073 919 1199 957 omnia
1219 919 1331 957 simul
1348 919 1500 970 navigia.

152 990 340 1036 repetunt.
416 983 627 1023 Confestim
654 983 744 1020 Rex
772 983 964 1020 insecutus
995 987 1147 1032 portum
1175 982 1329 1033 quidem
1356 983 1499 1020 intrare

154 1063 228 1087 non
257 1048 397 1099 potuit,
429 1048 519 1084 cum
549 1045 679 1096 procul
707 1058 727 1082 e
755 1045 877 1082 muris
903 1045 1115 1083 missilibus
1149 1045 1172 1063 ¹²
1187 1045 1498 1086 submoveretur:

153 1125 267 1151 naves
287 1115 413 1149 autem
432 1122 560 1147 omnes
579 1109 658 1146 fere
678 1112 744 1145 aut
761 1108 904 1156 mersit,
925 1112 991 1145 aut
1010 1108 1119 1158 cepit.

240 1177 296 1213 18.
343 1172 471 1211 Biduo
501 1171 639 1209 deinde
676 1171 725 1208 ad
751 1171 919 1222 quietem
960 1171 1050 1209 dato
1078 1171 1278 1220 militibus,
1311 1172 1501 1224 jussisque

156 1243 194 1276 et
215 1237 372 1274 classem
405 1240 444 1273 et
471 1235 666 1273 machinas
694 1234 841 1284 pariter
868 1234 1077 1283 admovere,
1096 1239 1140 1272 ut
1168 1235 1335 1286 undique
1355 1236 1502 1274 territis

155 1302 326 1349 instaret,
345 1300 427 1350 ipse
457 1299 498 1336 in
516 1298 740 1336 altissimam
769 1298 907 1336 turrim
936 1298 1131 1348 aseendit;
1164 1298 1187 1316 ¹³
1201 1299 1348 1350 ingenti
1366 1300 1501 1349 animo,

155 1363 321 1415 periculo
353 1363 517 1412 majore:
546 1361 684 1412 quippe
716 1361 738 1379 ¹⁴
752 1361 855 1412 regio
886 1361 1038 1412 insigni,
1060 1366 1100 1399 et
1127 1362 1241 1399 armis
1268 1362 1504 1414 fulgentibus

157 1427 392 1477 conspicuus,
420 1438 518 1463 unus
551 1424 740 1475 praecipue
771 1424 860 1462 telis
890 1424 1100 1474 petebatur,
1130 1430 1168 1462 et
1200 1425 1318 1477 digna
1347 1428 1503 1476 prorsus

157 1490 372 1541 spectaculo
405 1489 551 1526 edidit:
581 1488 722 1526 multos
741 1501 761 1526 e
780 1487 902 1525 muris
931 1493 1213 1539 propugnantes
1239 1488 1353 1527 hasta
1384 1494 1504 1528 trans-

157 1554 251 1602 fixit,
271 1552 451 1604 quosdam
481 1551 598 1589 etiam
629 1551 803 1588 eominus
832 1550 962 1601 gladio
981 1550 1186 1602 clypeoque
1213 1551 1395 1602 impulsos
1412 1566 1504 1604 prae-

158 1616 332 1667 cipitavit
348 1629 356 1653 :
384 1614 524 1666 quippe
543 1613 675 1662 turris,
693 1626 739 1651 ex
757 1616 833 1664 qua
853 1613 1070 1662 dimicabat,
1090 1615 1208 1652 muris
1236 1614 1403 1653 hostium
1421 1629 1504 1667 pro-

156 1679 363 1730 pemodum
395 1677 617 1716 cohaerebat.
675 1677 853 1728 Jamque,
889 1677 912 1694 ¹⁵
923 1677 1067 1715 crebris
1098 1677 1284 1717 arietibus
1321 1691 1501 1718 saxorum

158 1755 334 1796 compage
365 1741 507 1789 laxata,
540 1739 775 1778 munimenta
809 1740 1032 1788 defecerant,
1067 1744 1106 1777 et
1137 1740 1268 1778 classis
1295 1741 1505 1781 intraverat

157 1809 322 1856 portum,
360 1807 400 1840 et
436 1802 590 1853 quidam
622 1802 877 1839 Macedonum
914 1802 954 1839 in
986 1807 1111 1840 turres
1141 1801 1305 1841 hostium
1337 1804 1505 1843 desertas

158 1869 378 1905 evaserant:
408 1867 494 1902 eum
525 1863 647 1915 Tyrii,
667 1868 727 1901 tot
756 1863 869 1901 simul
899 1864 1011 1902 malis
1026 1864 1132 1913 victi,
1153 1865 1220 1902 alii
1252 1866 1437 1917 supplices
1465 1869 1505 1906 in

159 1929 304 1980 templa
335 1927 568 1979 confugiunt,
596 1926 661 1965 alii
694 1926 840 1965 foribus
871 1927 1011 1966 :edium
1049 1927 1244 1976 obseratis,
1285 1930 1307 1947 ¹⁸
1321 1937 1506 1981 occupant

159 1993 321 2031 liberum
357 1990 492 2029 mortis
529 1989 751 2039 arbitrium3
781 1990 955 2027 nonnulli
992 1995 1106 2028 ruunt
1139 1991 1179 2028 in
1210 1990 1370 2041 hostem,
1403 1993 1505 2032 haud

159 2056 281 2094 inulte
301 2060 428 2092 tamen
446 2053 621 2104 perituri.
697 2052 841 2104 Magna
870 2066 958 2103 pars
987 2066 1131 2091 summa
1158 2059 1344 2093 tectorum
1365 2057 1506 2096 obtine-

160 2120 237 2167 bat,
283 2130 385 2166 saxa,
430 2121 469 2154 et
513 2115 700 2168 quidquid
745 2116 919 2154 manibus
964 2117 1042 2154 sors
1087 2116 1254 2166 dederat,
1291 2118 1507 2170 ingerentes

162 2180 420 2219 subeuntibus.
478 2178 708 2226 Alexander,
730 2179 897 2229 exceptis
924 2179 988 2229 qui
1019 2179 1058 2217 iu
1087 2181 1226 2231 templa
1245 2182 1506 2234 confugerant,

162 2257 290 2282 omnes
309 2241 480 2291 interfici,
501 2241 698 2293 ignemque
713 2242 823 2279 tectis
839 2242 942 2292 injici
959 2242 1078 2292 jubet.
1136 2243 1211 2281 His
1230 2257 1297 2294 per
1314 2258 1507 2295 praeeones

161 2306 434 2357 pronunciatis,
456 2307 478 2324 ¹⁷
493 2318 602 2343 nemo
632 2310 758 2343 tamen
792 2311 959 2343 armatus
979 2320 1085 2356 opem
1106 2320 1125 2343 a
1146 2307 1230 2346 Diis
1249 2313 1375 2358 petere
1395 2310 1507 2347 susti-

162 2371 256 2408 nuit.
313 2369 428 2408 Pueri
451 2369 692 2420 virginesque
723 2369 864 2420 templa
894 2370 1197 2420 cmnpleverant:
1228 2371 1302 2408 viri
1331 2372 1368 2409 in
1395 2372 1507 2410 vesti-

164 2433 251 2471 bulo
289 2446 439 2471 suarum
483 2432 639 2484 quisque
677 2432 812 2471 :vilium
851 2433 1012 2478 stabant,
1050 2439 1180 2483 parata
1231 2422 1507 2473 ¹⁹saevicntibue
