1583 2680
133 109 183 144 32
593 118 775 150 Quin-ri
816 117 1000 143 cunni

618 345 839 383 LIBER
884 344 982 384 IV.

683 481 913 503 ARGUMENTUM.

178 565 200 592 1.
219 565 386 597 Alexander,
407 565 505 591 litteris
524 573 540 591 a
558 565 643 590 Dario
662 565 780 597 superbe
799 566 915 598 scriptis,
939 566 1013 599 regie
1032 566 1188 599 respondet.
1235 566 1464 599 Abdalonymum

129 609 250 635 Sidoniis
268 610 374 642 Regem
401 609 522 642 praeficit.
565 609 704 641 Amyntas
725 609 873 642 transfuga,
893 610 964 635 miro
989 610 1072 635 modo
1091 618 1109 636 a
1126 609 1218 637 Persas
1238 610 1303 643 ipsis
1325 611 1464 636 occiditur.

128 653 220 679 Variae
232 654 314 679 variis
325 653 392 679 locis
404 653 594 685 praesectorum
608 652 686 678 Darii
697 652 794 678 clades.

175 698 199 722 2.
217 697 303 729 Tyrii,
315 697 506 722 Alexandrum
518 697 640 728 recipere
651 698 815 728 recusantes,
828 696 995 723 obsidentur.

174 741 198 766 3.
216 740 317 766 Dubiis
328 740 394 765 belli
406 740 552 765 eventibus
563 739 631 772 Tyri
644 740 750 765 obsidio
760 740 927 766 nobilitatur.

173 784 199 809 4.
217 783 343 809 Tandem
354 783 446 816 Tyrus
457 784 486 809 vi
498 785 583 816 capta,
596 783 775 816 maximaque
787 783 936 810 hominum
947 785 1038 818 strage
1049 786 1184 818 corrupta,
1195 785 1321 822 igetuoso
1333 785 1465 811 deforma-

126 829 170 852 tur
181 827 318 852 incendio.

172 871 195 896 5.
214 870 293 896 Darii
311 871 409 896 iterata
421 870 454 896 de
476 877 543 902 pace
560 870 594 896 ad
613 870 807 896 Alexandrum
824 871 987 896 submissior
1004 870 1116 903 legatio:
1135 871 1189 904 qua
1205 871 1357 904 repudiata,
1375 871 1464 898 Graeci

126 914 314 940 Alexandrum
327 915 427 940 corona
439 915 523 940 aurea
535 915 652 940 donant:
669 915 717 941 ille
728 917 822 940 autem
833 922 883 948 per
893 915 1034 948 praerectos
1052 915 1154 941 multas
1164 917 1193 941 in
1210 918 1374 949 potestatem
1385 923 1465 942 suam

125 958 223 990 redigit
234 959 398 990 provincias.

173 1001 196 1026 G.
214 1001 260 1026 Ad
270 1001 376 1027 bellum
389 1002 455 1027 dum
469 1008 497 1027 se
509 1002 628 1034 accingit
638 1001 747 1033 Darius,
759 1001 918 1028 Alexander
930 1001 1035 1028 Gazam
1052 1004 1194 1035 expugnat
1205 1009 1211 1029 :
1230 1003 1343 1036 ejusque
1354 1004 1465 1036 praesec-

125 1046 186 1069 tum
198 1045 292 1070 Betim
304 1045 408 1070 crudeli
419 1045 505 1071 afficit
515 1045 660 1077 supplicio.

173 1089 196 1114 7.
215 1088 362 1120 Profectio,
375 1090 404 1114 et
415 1089 491 1114 varia
501 1088 653 1114 Alexandri
665 1089 779 1121 quaesita
790 1089 824 1114 ad
836 1088 918 1114 Jovis
930 1089 1095 1114 Hammonis
1106 1089 1256 1116 oraculum.

174 1133 196 1157 S.
217 1132 250 1157 In
263 1131 387 1164 AEgypto
398 1132 568 1157 Alexandria
579 1132 704 1163 condita;
722 1133 860 1164 variaeque
873 1132 1022 1158 Alexandri
1033 1132 1139 1159 bellieae
1151 1133 1348 1166 expeditiones·

173 1176 196 1200 9.
212 1175 314 1201 Darius
325 1175 360 1200 ad
376 1175 491 1201 Arbelas
502 1176 636 1208 pervenit,
650 1182 737 1208 eoque
749 1176 838 1201 invito
850 1175 1008 1201 Alexander
1018 1176 1124 1209 Tingm
1136 1179 1253 1209 superat.

158 1219 212 1247 ⁷10.
230 1218 342 1251 Milites,
355 1219 390 1244 ob
406 1219 494 1244 Lunae
511 1219 649 1245 defectum
667 1218 799 1251 turbatos
817 1225 866 1251 per
876 1218 1026 1252 AEgyptios
1036 1222 1114 1245 vates
1130 1220 1274 1246 confirmat
1290 1221 1462 1247 Alexander:

128 1262 223 1288 Persas
236 1264 386 1288 vastatores
398 1263 509 1295 conjicit
526 1263 554 1288 in
572 1262 672 1295 sugam.
707 1262 785 1288 Darii
804 1270 874 1287 uxor
891 1263 1007 1294 captiva,
1026 1270 1142 1288 moerore
1154 1263 1283 1295 confecta»,
1302 1271 1462 1297 supremum

127 1306 201 1331 diem
214 1306 325 1337 claudit,
337 1305 412 1331 unde
424 1305 576 1331 Alexandri
589 1305 727 1338 lacrymae,
736 1305 814 1331 Darii
828 1306 1002 1338 suspiciones5
1015 1306 1112 1337 luctus,
1126 1308 1154 1332 et
1165 1309 1237 1333 vota.

174 1349 212 1374 11.
232 1349 334 1375 Pacem
346 1349 428 1374 tertio
440 1349 583 1381 quaesitam
595 1349 696 1375 Darius
708 1356 762 1375 non
775 1349 918 1382 impetrat:
936 1349 994 1374 'uno
1011 1350 1045 1375 ad
1057 1350 1234 1383 deditionem,
1247 1353 1296 1377 ant
1307 1352 1341 1377 ad
1350 1351 1462 1384 bellum.

125 1393 160 1418 ab
173 1393 332 1419 Alexandro
343 1395 514 1424 provocatur.

173 1437 211 1462 12.
231 1437 276 1462 Ad
293 1436 420 1469 praelium
434 1437 502 1462 dum
515 1436 660 1462 Persarum
674 1437 770 1469 ingens
778 1437 916 1462 exercitus
925 1438 1042 1469 paratur,
1055 1437 1220 1464 Macedones
1231 1439 1330 1471 panico
1342 1439 1462 1472 quodam

124 1480 246 1506 defuncti
259 1482 370 1511 terrore,
383 1487 459 1505 arma
470 1479 595 1506 alacriter
604 1476 760 1512 capessunt..

172 1524 212 1550 13.
231 1523 351 1550 Consilia
363 1523 397 1549 de
414 1525 550 1549 nocturno
562 1523 656 1556 praelio
673 1523 866 1549 Parmenionis
878 1525 906 1549 et
922 1523 1146 1556 Polyspereontis
1158 1525 1317 1552 Alexander
1333 1526 1462 1552 damnat:

123 1573 275 1599 somnoque
287 1567 410 1597 resectus,
423 1567 548 1592 interrito
561 1567 642 1592 vultu
653 1573 716 1591 suos
727 1566 760 1592 ad
773 1574 894 1599 pugnam
906 1567 1037 1593 accendit.

172 1611 212 1636 14.
233 1610 386 1636 Alexandri
403 1610 438 1635 ad
463 1610 632 1641 Graecorum,
651 1610 783 1643 Dariique
801 1610 835 1636 ad
852 1610 998 1636 Persarum
1017 1612 1166 1643 exercitus,
1185 1614 1248 1638 ante
1265 1619 1386 1646 pugnam
1404 1621 1463 1640 ora-

125 1654 221 1679 tiones.

171 1698 210 1722 15.
230 1697 345 1723 Cruentl
363 1697 398 1722 ad
418 1697 521 1723 Arbela
538 1697 626 1730 praelii
647 1697 800 1730 descriptio.
843 1697 940 1724 Victor
957 1698 1122 1730 Alexander,
1139 1699 1258 1725 Darlum
1279 1701 1385 1726 victum
1403 1708 1462 1734 per-

122 1748 149 1766 se
171 1742 253 1766 nitur.

151 1748 211 1810 q16.
231 1784 379 1809 Parmenio
402 1785 430 1810 in
454 1784 612 1809 discrimino
635 1784 806 1816 constitutus
833 1784 1022 1810 Alexandrum
1045 1785 1167 1811 retrahit.
1208 1785 1332 1812 Tandem
1356 1788 1461 1819 integra

125 1827 237 1852 victoria
249 1827 330 1859 politi
343 1827 516 1859 Macedones,
529 1827 650 1859 reliquos
665 1826 768 1859 Persas,
781 1827 878 1853 mullis
890 1834 1002 1853 suorum
1022 1828 1144 1854 millibus
1156 1829 1321 1862 desideratlzg
1334 1830 1397 1863 mgii
1409 1831 1460 1857 sibl

123 1878 243 1903 quzcrere
255 1870 373 1896 salutem
387 1873 496 1902 cogunt.

205 1967 237 2004 I.
275 1970 302 2004 l.
335 1967 489 2005 Danu-s
509 1967 607 2004 tanti
628 1967 738 2006 modo
759 1968 954 2005 exercitlls
985 1968 1083 2016 Rex,
1104 1969 1169 2019 qni
1191 1970 1459 2021 triumphantis

126 2030 258 2081 magis,
279 2030 394 2080 quam
417 2029 635 2068 dimicantis
654 2043 769 2078 more,
791 2044 905 2068 curru
925 2031 1100 2069 sublimis
1116 2033 1253 2070 inierat
1272 2033 1458 2083 praelium,

125 2106 192 2143 per
222 2093 314 2140 loca,
346 2106 432 2144 qum
461 2094 579 2144 prope
611 2093 805 2132 immensis
839 2094 1053 2145 agminibus
1084 2096 1351 2146 compleverat,
1379 2099 1459 2147 jam

128 2155 264 2203 inania,
287 2160 326 2192 ct
354 2155 498 2207 ingenti
529 2155 736 2195 solitudine
756 2161 877 2204 vasta,
900 2157 1103 2207 ¹fugiebat.
1162 2158 1282 2197 Pauci
1313 2159 1459 2212 Regem

126 2217 392 2269 sequebantur.
451 2219 549 2256 Nam
581 2232 649 2257 nce
669 2219 801 2257 eodem
831 2233 961 2258 omnes
991 2221 1118 2271 sugam
1150 2221 1402 2272 intenderant,
1421 2228 1460 2261 ct

127 2279 388 2319 deficientibus
421 2282 540 2333 cquis,
561 2296 711 2320 cursum
731 2283 896 2331 ²eormu,
915 2297 1010 2333 quos
1031 2284 1118 2321 Rex
1149 2285 1308 2323 subinde
1339 2291 1459 2323 muta-

125 2343 201 2392 bat,
219 2357 370 2394 {equare
390 2358 463 2381 nou
487 2351 671 2394 poterxmt.
730 2345 883 2384 Unehas
907 2347 1042 2383 deinde
1063 2348 1249 2397 pervenit,
1269 2348 1336 2387 ubi
1355 2362 1459 2387 exce-

125 2409 213 2456 pere
234 2421 317 2444 eum
335 2407 552 2445 Ormi-„unm
574 2414 735 2459 quatuor
750 2408 879 2457 millia,
895 2423 977 2446 cuin
999 2411 1137 2460 quibus
1158 2411 1204 2448 ad
1224 2411 1458 2462 Euphratem
