1583 2680
449 162 610 188 Lmen
652 162 720 187 vr.
764 162 874 188 car.
916 161 985 186 xi.
1323 147 1390 186 137

54 254 200 293 medico
221 254 322 306 Regi
336 255 476 305 parari,
497 254 690 292 deterrere
702 266 788 292 eum
801 253 925 292 voluit
944 252 1109 304 epistola
1130 253 1283 303 scripta,
1304 266 1392 303 quo-

53 317 184 355 minus
198 318 517 356 medicamentum
537 317 699 366 biberet,
719 317 822 369 quod
834 316 1005 355 medicus
1026 316 1115 354 dare
1131 316 1391 354 constituerat.

55 381 160 419 Num
178 381 367 419 creditum
387 386 446 435 est
464 381 566 432 patri
585 394 668 419 meo
684 381 702 418 ⁸?
757 380 863 419 Num
881 380 1001 418 ullam
1020 380 1290 418 auctoritatem
1310 381 1392 428 ejus

52 443 194 482 litterae
215 444 465 482 habuerunt?
520 444 605 496 Ego
633 444 725 495 ipse,
745 444 896 495 quoties
927 457 1013 495 quae
1032 443 1227 481 audieram
1258 442 1392 490 detuli,

53 519 138 544 cum
157 506 326 545 ludibrio
347 507 587 545 credulitatis
606 507 783 557 repulsus
803 519 897 545 sum.
939 506 982 545 Si
1001 510 1041 544 et
1060 507 1149 543 cum
1167 505 1391 552 indicamus,

52 570 188 619 invisi;
237 575 277 607 et
313 571 403 608 cum
440 575 623 618 tacemus,
658 570 826 621 suspecti
863 582 1005 618 sumuS,
1024 613 1027 615 ,
1043 569 1137 621 quid
1173 569 1296 606 facere
1325 581 1392 606 nos

52 632 268 683 oportet?'’
343 633 518 684 Cumque
555 646 654 671 unus
691 646 711 671 e
748 633 1076 671 circumstantium
1119 632 1236 670 turba
1274 631 1394 669 excla-

54 698 208 743 masset,
229 697 256 714 ³²
274 699 295 717 “
313 696 421 734 Bene
443 697 591 734 meritis
610 710 685 734 non
713 696 911 734 insidiari:
927 697 949 716 ’²
979 696 1167 743 Philotas,
1189 698 1211 716 “
1229 694 1393 742 Rect{=‚”

52 759 187 808 inquit,
210 759 420 811 “quisquis
440 772 492 807 es,
513 759 620 797 dicis.
678 759 815 810 Itaque
835 759 868 797 si
895 759 1101 797 insidiatus
1130 771 1225 806 sum,
1245 771 1393 809 poenam

51 835 127 859 non
148 822 356 872 deprecor:
386 827 426 860 et
455 823 568 860 finem
598 822 696 860 facio
717 822 878 870 dicendi,
898 822 1079 873 quoniam
1108 821 1248 859 ultima
1277 821 1394 859 rerba

50 885 184 937 gravia
203 891 293 923 sunt
311 886 394 924 visa.
419 886 577 924 auribus
596 886 777 924 vestris.'’
833 886 1056 924 Abducitur
1089 885 1226 923 deinde
1257 884 1304 922 ab
1332 884 1393 929 iis,

53 949 120 1000 qui
140 949 409 987 custodiebant
428 962 524 987 eum.

129 1011 206 1049 XI.
238 1013 299 1049 30.
331 1011 430 1050 Erat
459 1012 562 1049 inter
592 1011 709 1049 duces
727 1025 842 1049 manu
874 1016 1053 1049 strenuus
1083 1011 1206 1049 Bclon
1226 1011 1393 1062 quidam,

49 1074 155 1125 pacis
174 1074 315 1112 artium
335 1079 375 1112 et
395 1075 404 1092 ¹
421 1074 545 1112 civilis
578 1074 737 1112 habitus
764 1074 885 1122 rudis,
905 1079 1019 1112 vetus
1046 1074 1169 1122 miles,
1191 1075 1239 1112 ab
1258 1074 1394 1111 humili

50 1137 183 1176 ordine
220 1137 270 1175 ad
307 1150 394 1175 eum
429 1137 605 1189 gradum,
638 1137 678 1174 in
715 1150 791 1188 quo
829 1142 920 1174 tunc
951 1142 1045 1186 erat,
1076 1142 1298 1188 promotus3
1328 1137 1393 1187 qui

50 1199 266 1239 tacentibus
286 1200 450 1248 eaeteris,
472 1200 616 1238 stolida
635 1200 795 1238 audacia
815 1200 937 1249 ferox,
957 1200 1160 1238 admonere
1181 1213 1246 1238 cos
1266 1200 1393 1249 coepit,

50 1263 236 1314 “quoties
255 1263 336 1301 suis
363 1263 524 1315 quisque
543 1263 557 1281 ²
571 1263 802 1312 diversoriis,
822 1276 909 1314 quae
936 1265 1199 1314 occupassent,
1220 1262 1396 1300 deturba-

49 1331 113 1364 tus
131 1331 244 1375 esset,
263 1331 308 1364 ut
327 1327 339 1345 ³
355 1331 607 1377 purgamenta
633 1339 830 1365 servorum
860 1326 1029 1365 Philotae
1057 1326 1318 1376 reciperentur
1337 1326 1394 1372 co,

48 1389 151 1427 unde
196 1381 474 1428 commilitones
518 1389 755 1440 expulisset:
803 1402 894 1428 auro
940 1395 1173 1441 argentoque
1218 1389 1396 1428 vehicula

50 1453 134 1502 ejus
166 1458 305 1490 onusta
335 1453 429 1490 totis
455 1453 552 1491 vicis
589 1453 765 1491 stetisse:
806 1465 849 1490 ac
884 1466 932 1490 ne
969 1453 1008 1490 in
1036 1453 1211 1490 viciniam
1240 1452 1395 1503 quidem

51 1515 252 1553 diversorii
277 1529 504 1566 quemquam
533 1516 834 1554 commilitonum
862 1521 1056 1566 receptum
1084 1529 1192 1554 esse:
1222 1516 1301 1564 sed,
1329 1528 1395 1565 per

50 1591 145 1629 quos
177 1578 382 1628 dispositos
417 1591 530 1628 supra
560 1591 734 1616 somnum
763 1578 940 1625 habebat,
970 1591 1100 1616 omnes
1130 1579 1264 1628 procul
1300 1578 1391 1616 relc-

49 1646 171 1692 gatos,
192 1654 240 1679 ne
259 1641 437 1679 ⁴foemina.
455 1641 525 1679 illa
553 1641 872 1679 murmurantium
901 1641 1001 1679 inter
1021 1654 1060 1678 se
1089 1641 1243 1679 silentio
1262 1641 1394 1678 verilis

48 1705 163 1755 quzim
182 1716 284 1752 son0,
305 1704 546 1742 excitaretur.
605 1703 792 1743 Ludibrio
813 1703 848 1741 ei
866 1703 986 1741 fuisse
1006 1703 1194 1741 ⁵rusticos
1211 1702 1393 1750 homines,

50 1766 295 1818 Phrygasque
314 1770 353 1804 et
380 1766 649 1818 Paphlagonas
668 1766 898 1817 appellato&
929 1766 1019 1817 ‘qui
1046 1778 1122 1803 non
1149 1765 1393 1814 erubesceret,

49 1829 209 1868 Macedo
238 1833 362 1878 natus,
382 1829 579 1867 ⁷homines
608 1829 749 1881 linguae
777 1842 857 1867 suae
884 1841 952 1879 pcr
979 1829 1223 1879 interpretem
1251 1828 1392 1866 audire.

50 1893 128 1933 Cur
137 1892 391 1931 Hammonem
410 1892 559 1931 consuli
573 1892 690 1931 vellet
709 1892 896 1941 eumdem,
913 1894 1024 1943 cujus
1038 1893 1227 1944 arguisset
1244 1891 1394 1930 menda-

49 1956 159 2005 cium,
178 1956 445 1995 Alexandrum
462 1956 582 1994 filium
608 1956 875 2008 agnoscentis?
902 1956 914 1974 ⁸
928 1956 1075 1995 scilicet
1093 1956 1247 2004 veritus,
1266 1968 1314 1993 ne
1342 1955 1394 1993 in·

48 2019 240 2057 vidiosum
266 2024 378 2069 esset,
406 2019 506 2072 quod
535 2019 601 2058 Dii
631 2020 817 2058 offerrent.
883 2019 979 2059 cnm
1008 2019 1252 2058 insidiaretur
1279 2018 1394 2069 capiti

50 2082 171 2133 Regis
188 2087 227 2120 et
245 2083 368 2132 amici,
386 2095 463 2121 non
481 2083 712 2122 consuluisse
731 2097 817 2122 eum
836 2083 866 2122 J
868 2097 974 2122 ovem
989 2097 998 2133 ς
1019 2095 1118 2121 nunc
1137 2082 1185 2120 ad
1199 2082 1394 2121 oraculum

50 2145 213 2193 mittere,
232 2144 325 2183 dum
343 2150 450 2196 pater
468 2147 552 2196 ejus
571 2146 841 2185 sollicitaretur
868 2147 935 2198 qui
963 2146 1096 2197 praesit
1123 2146 1163 2184 in
1183 2145 1328 2194 Media,
1357 2150 1395 2183 et

49 2207 220 2259 pecunia,
239 2221 323 2259 quae
341 2210 422 2258 ejus
439 2209 622 2249 custodiae
641 2210 845 2248 commissa
867 2210 929 2258 sit,
949 2209 1119 2261 perditos
1146 2209 1317 2248 homines
1345 2208 1394 2245 ad

50 2271 267 2309 societatem
287 2271 440 2310 sceleris
458 2273 639 2323 impellat.
697 2273 808 2324 Ipsos
826 2273 1012 2312 missuros
1031 2273 1080 2311 ad
1093 2273 1298 2320 oraculum,
1318 2284 1392 2309 non

49 2335 116 2387 qui
145 2335 284 2373 Jovcm
314 2334 559 2386 interrogent,
588 2336 689 2388 quod
718 2350 766 2375 ex
794 2337 902 2388 Rege
931 2337 1195 2388 cognoverint;
1233 2335 1299 2372 sed
1328 2333 1392 2384 qui

49 2397 194 2449 gratias
213 2402 339 2448 agant,
358 2396 425 2448 qui
443 2402 535 2435 vota
552 2410 621 2448 pro
650 2398 910 2438 incolumitate
942 2399 1062 2450 Regis
1091 2397 1223 2448 optimi
1254 2395 1393 2446 persol-

49 2461 177 2499 vant.’‘
233 2460 331 2498 Tum
350 2461 438 2499 ver&
468 2459 645 2499 universa
674 2462 804 2500 concio
834 2475 990 2500 aceensa
1019 2466 1088 2509 cst,
1109 2465 1147 2498 ct
1175 2473 1197 2497 a
1225 2458 1392 2508 corporis
