1583 2680
418 157 576 182 menn
613 156 732 181 VIII.
773 157 883 182 car.
924 156 1017 181 VII.
1324 146 1393 183 193

49 249 135 298 Ille,
158 248 344 300 paulatim
363 254 489 287 mente
507 248 680 298 collecta,
699 248 792 300 quid
819 248 1009 297 afferrent,
1037 248 1254 300 interrogat.
1313 248 1351 286 N
1355 262 1396 287 ec

47 317 246 351 cunctatus
282 312 537 362 Eurylochus,
574 325 650 350 non
686 325 734 351 ex
770 316 852 351 toto
890 312 1045 350 domum
1081 325 1189 350 suam
1228 313 1396 350 aversari

50 377 163 424 Deos,
195 375 315 414 dixit:
355 376 447 426 quia
476 376 596 414 frater
627 376 761 426 ipsius,
794 388 1007 428 quanquam
1043 375 1203 426 impium
1248 375 1397 414 facinus

46 452 162 478 ausus
195 439 305 487 foret,
340 429 468 477 tamen
498 444 538 476 et
569 440 593 457 ¹⁵
605 440 871 490 poenitentiam
903 441 987 490 ejus
1019 444 1158 491 ageret,
1192 444 1231 477 et
1262 452 1328 489 per
1357 453 1396 477 sc

45 502 291 553 potissimum
324 503 565 553 profiteretur
579 503 789 541 indicium:
819 503 860 540 in
879 516 962 541 eam
990 502 1112 554 ipsam
1130 507 1292 551 noctem,
1312 516 1396 554 qum

46 565 259 615 decederet,
281 565 440 603 insidias
471 570 707 616 comparatas
739 566 870 604 fuisse.
928 566 1119 604 Auetores
1139 566 1291 605 scelesti
1312 578 1395 603 con-

45 629 124 667 silii
142 642 236 678 esse,
255 642 349 680 quos
382 629 538 666 minime
561 629 731 667 crederet
750 629 846 668 Rex.
904 629 1002 667 Tum
1037 629 1243 680 Epimenes
1262 634 1396 667 cuncta

43 692 188 740 ordine,
208 692 514 743 consciorumque
532 692 683 730 nomina
701 692 866 743 exponit.

126 757 188 792 24.
221 755 482 794 Calisthenem
511 768 586 793 non
618 761 663 793 ut
692 755 918 806 participem
946 755 1127 793 facinoris
1158 755 1395 793 nominatum

45 831 128 856 esse
158 819 372 866 constabat,
395 819 463 856 sed
493 819 518 837 ¹⁸
532 819 692 857 solitum
721 831 928 870 puerorum
962 818 1211 866 sermonibus,
1231 819 1394 868 vituper-

48 882 195 920 antium
215 882 574 933 criminantiumque
603 882 760 933 Regem,
781 882 915 920 faciles
935 895 1044 920 aures
1063 881 1244 933 praebere.
1304 880 1393 927 Qui-

45 945 133 983 dam
152 945 352 995 adjiciunt,
373 946 463 983 enlm
484 945 716 983 Hermolaus
737 945 840 995 apud
868 958 955 983 eum
979 958 1130 997 quoque
1149 945 1394 984 verberatum

44 1022 85 1047 se
105 1022 128 1046 a
154 1009 264 1060 Rege
283 1013 521 1059 quereretur,
543 1008 688 1046 dixisse
711 1008 984 1056 Calisthenem‚
1005 1009 1228 1047 meminisse
1256 1009 1394 1047 debere

44 1085 109 1110 eos
135 1073 216 1122 jam
236 1071 339 1109 viros
360 1084 456 1109 esse.
515 1071 641 1122 quue
671 1084 720 1108 an
753 1072 776 1089 ¹⁷
788 1071 837 1108 ad
867 1072 1140 1110 consolandam
1168 1073 1395 1123 patientiam

43 1134 256 1183 verberum,
277 1147 326 1172 an
346 1134 396 1172 ad
424 1134 662 1172 incitandum
677 1135 863 1183 juvenum
884 1135 908 1152 ¹⁸
922 1135 1094 1173 dolorem
1114 1135 1259 1173 dictum
1280 1141 1393 1184 esset,

43 1198 84 1236 in
117 1197 295 1249 ambiguo
315 1197 446 1235 fuisse.
504 1197 592 1236 Rex
611 1197 730 1234 animi
760 1197 1007 1248 corporisque
1040 1210 1178 1248 sopore
1209 1198 1393 1246 discusso,

43 1262 134 1299 cum
151 1261 252 1299 tanti
270 1260 431 1311 periculi
445 1260 548 1312 quod
567 1265 739 1299 evaserat
758 1260 883 1311 imago
903 1260 1026 1299 oeulis
1046 1260 1254 1309 oberraret,
1272 1261 1394 1312 Eury-

43 1324 195 1362 lochum
215 1324 493 1376 quinquaginta
512 1323 682 1372 talentis,
704 1329 743 1362 et
771 1324 974 1374 eujusdam
1003 1324 1201 1375 Tyridatis
1220 1324 1394 1375 opulenti

43 1388 154 1426 bonis
182 1388 299 1426 donat
325 1387 525 1438 protinus:
555 1388 801 1439 fratremque,
821 1388 1029 1439 antequam
1061 1401 1128 1439 pro
1159 1388 1282 1427 salute
1311 1390 1394 1439 ejus

43 1456 278 1502 precaretur,
312 1451 496 1489 restituit.
563 1451 729 1490 Sceleris
760 1456 889 1489 autem
919 1456 1106 1500 auctores,
1123 1451 1300 1503 interque
1329 1465 1393 1490 eos

46 1515 318 1562 Calisthenem‚
337 1515 488 1553 vinctos
507 1515 698 1554 asservari
722 1515 845 1564 jubet.
905 1514 1057 1560 Quibus
1076 1515 1116 1553 in
1144 1515 1310 1567 Regiam
1329 1516 1393 1553 ad-

44 1579 182 1626 ductis,
203 1582 284 1616 toto
317 1577 380 1615 die
412 1582 453 1616 et
480 1582 592 1615 nocte
623 1578 801 1628 proxima
821 1590 925 1616 mero
952 1591 996 1616 ac
1015 1578 1160 1629 vigiliis
1186 1579 1317 1628 gravis
1337 1592 1392 1616 ac-

43 1641 201 1692 quievit.
259 1640 424 1678 Postero
449 1645 578 1678 autem
606 1639 681 1686 die,
700 1639 879 1691 frequens
898 1639 1104 1678 concilium
1119 1640 1310 1689 adhibuit,
1331 1641 1394 1679 cui

43 1710 172 1755 patres
202 1703 480 1755 propinquique
509 1716 652 1751 eorum,
683 1704 707 1721 ¹⁹
717 1703 764 1741 de
788 1703 928 1754 quibus
948 1702 1148 1754 agebatur,
1168 1703 1391 1752 intererant,

42 1781 90 1806 ne
119 1767 167 1805 de
199 1769 271 1805 sua
301 1766 457 1817 quidem
487 1765 612 1804 salute
642 1766 790 1804 securi:
819 1766 961 1817 quippe
994 1765 1252 1804 Macedonum
1285 1779 1392 1805 more

42 1831 167 1881 perire
186 1829 389 1878 debebant,
410 1830 579 1868 omnium
599 1829 748 1868 devotis
775 1829 980 1880 capitibus,
1000 1829 1068 1880 qui
1095 1829 1282 1881 sanguine
1303 1843 1391 1868 con-

43 1895 222 1946 tigissent
239 1907 314 1932 eos.
383 1893 472 1932 Rex
490 1893 682 1932 introduci
701 1894 932 1943 conjuratos,
952 1898 1094 1944 praeter
1116 1892 1390 1943 Calisthenem,

51 1958 189 2007 jussit:
217 1963 332 2008 atquc
351 1970 438 2008 quae
457 1956 698 2008 agitaverant
724 1956 806 1994 sine
834 1956 1075 1994 cunctatione
1095 1956 1261 1994 confessi
1288 1963 1388 1995 sunt.

44 2019 342 2070 Increpantibus
359 2019 498 2058 deinde
513 2019 703 2058 universis
717 2032 794 2067 eOS,
814 2019 897 2069 ipse
914 2019 1014 2066 Rex,
1035 2021 1057 2040 “
1071 2032 1147 2070 quo
1163 2032 1233 2058 suo
1253 2021 1390 2058 merito

43 2088 193 2120 tantum
212 2082 252 2120 in
271 2087 394 2120 semet
411 2082 646 2133 cogitassent
664 2082 844 2120 facinus?
859 2082 880 2101 ”
901 2082 1124 2134 interrogat.

123 2145 224 2183 VII.
256 2148 319 2183 25.
361 2145 617 2196 Stupentibus
645 2145 808 2193 caeteris,
839 2144 1083 2194 Hermolaus,
1113 2146 1234 2184 “Nos
1261 2147 1388 2196 vcro,n

43 2209 180 2259 inquit,
202 2211 224 2229 ‘⁴
237 2209 428 2259 quoniam,
444 2208 556 2259 quasi
574 2208 736 2255 nescias,
749 2209 902 2260 quaeris,
916 2208 1116 2247 occidendi
1136 2214 1175 2248 te
1188 2209 1389 2248 consilium

43 2272 235 2319 inivimus,
255 2271 345 2322 quia
362 2284 438 2309 non
455 2276 500 2308 ut
521 2272 530 2289 ¹
544 2271 720 2323 ingenuis
739 2272 926 2322 imperare
947 2272 1111 2323 coepisti,
1132 2273 1200 2311 sed
1219 2274 1330 2324 quasi
1350 2274 1389 2311 in

42 2334 232 2384 mancipia.
271 2333 515 2372 dominaris.'’
571 2333 728 2372 Primus
758 2347 806 2372 ex
837 2335 1013 2374 omnibus
1039 2341 1149 2386 pater
1167 2336 1302 2386 ipsius,
1324 2336 1388 2374 So-

42 2397 153 2448 polis,
173 2397 405 2448 parricidam
424 2397 539 2435 etiam
559 2397 734 2447 parentis
753 2398 814 2436 sui
833 2397 1034 2436 clamitans
1054 2411 1150 2447 esse,
1170 2398 1385 2449 consurgit3

43 2465 84 2499 et
115 2461 164 2498 ad
201 2473 243 2499 os
273 2473 391 2498 manu
420 2460 584 2511 objecta,
605 2460 746 2500 scelere
777 2466 818 2499 ct
848 2461 959 2500 malis
992 2462 1244 2500 insanientem
1282 2461 1387 2500 ultra
