1583 2680
433 160 595 185 mnan
632 137 676 186 'v.
716 157 983 184 carui-1111.
1315 144 1386 182 10⁷

41 253 250 293 celeritatis
278 257 336 291 cst
372 252 605 303 p1·aemium.‘’
663 251 804 292 Omnes
832 250 976 302 pariter
1004 248 1250 297 conclamant,
1279 262 1384 299 para-

41 323 101 356 tos
130 318 231 368 ipsos
261 316 392 368 sequi:
432 329 500 354 nee
526 316 661 364 labori,
690 328 759 353 nec
797 313 966 366 periculo
994 318 1176 364 parceret.
1259 312 1387 363 Igitur

40 383 183 432 raptim
212 393 355 432 agmen,
375 383 512 418 cursus
542 380 662 431 magis
694 381 810 430 quam
837 377 988 416 itineris
1015 377 1139 426 modo,
1169 376 1297 425 <lueit3
1341 388 1387 413 ne

40 447 226 482 nocturna
245 436 400 495 quidem
428 443 556 495 quiete
587 443 766 481 diurnum
791 441 958 480 laborem
985 440 1191 479 relaxante.
1250 438 1388 490 Itaque

39 508 247 559 quingenta
265 507 391 545 stadia
409 506 606 558 processit,
626 511 923 556 perventumque
943 509 1027 542 erat
1045 503 1083 541 in
1102 503 1240 551 vicum,
1255 502 1296 539 in
1314 515 1388 553 quo

41 571 203 609 Darium
234 570 379 608 Bessus
412 569 754 620 comprehenderat.
810 568 875 606 Ibi
904 567 1036 606 Melon
1063 566 1174 604 Darii
1201 566 1390 616 interpres

42 634 257 685 excipitur:
286 646 440 684 corpore
470 646 584 684 aeger,
615 645 691 670 non
720 636 900 683 potuerat
929 643 1061 683 agmen
1089 630 1219 682 sequi:
1260 634 1300 668 et
1328 629 1390 667 de-

40 698 248 748 prchensus
285 697 479 735 celeritate
513 697 646 747 Regis,
681 696 919 747 transfugam
964 707 1004 733 se
1050 707 1130 732 esse
1174 693 1390 732 simulabat.

41 760 130 798 2ΕΚ
159 759 229 797 hoc
259 765 344 796 aeta
373 759 592 810 cognoscit:
623 758 693 795 sed
721 757 895 809 fatigatis
923 756 1136 795 necessaria
1163 756 1270 808 quies
1297 760 1389 793 erat.

42 823 180 874 Itaque
200 822 358 860 delectis
377 821 549 872 equitum
569 834 638 858 sex
652 821 823 859 millibus
840 825 1042 868 trecentos,
1058 832 1152 871 quos
1169 820 1392 857 Dimaclzczs

43 885 298 936 appellabant,
331 884 517 936 adjungit.
574 883 721 922 ”Dorso
752 883 793 921 hi
822 883 1000 935 graviora
1028 896 1134 921 arma
1164 882 1392 931 portabant:

43 950 228 987 caeternm
246 948 354 999 equis
373 947 630 996 vehebantur;
661 949 750 984 eum
768 960 829 985 res
857 947 1037 998 locusque
1064 950 1246 996 posceret,
1264 944 1395 996 pedes-

43 1012 115 1050 tris
134 1012 232 1050 acies
251 1016 343 1049 crat.
400 1011 497 1048 Haee
516 1015 694 1061 agentem
712 1009 975 1048 Alexandrum
994 1009 1136 1047 adeunt
1165 1008 1330 1048 Orsillos
1358 1013 1397 1046 et

43 1074 322 1125 Mythracenes‚
342 1073 409 1124 qui
427 1072 538 1110 Bessi
568 1072 817 1123 parricidium
835 1072 940 1110 exosi
969 1072 1276 1123 transfugerant:
1304 1084 1396 1109 nun-

43 1137 278 1187 ciabantque‚
299 1135 425 1174 stadia
441 1135 648 1186 quingenta
667 1134 797 1173 abesse
816 1135 983 1173 Persas:
1013 1133 1114 1184 ipsos
1141 1133 1295 1172 brevius
1322 1133 1398 1171 iter

44 1205 331 1238 monstraturos.
416 1197 561 1238 Gratus
597 1197 701 1250 Regi
747 1197 934 1236 adventus
977 1197 1264 1248 transfugarum
1309 1196 1395 1234 fuit.

45 1263 181 1314 Itaque
198 1262 323 1313 prima
350 1263 522 1312 vespera,
542 1260 704 1299 ducibus
733 1260 881 1309 iisdem,
901 1273 988 1298 cum
1015 1259 1198 1310 expedita.
1227 1259 1399 1311 equitum

44 1339 158 1364 manu
174 1330 427 1363 monstratam
444 1324 546 1363 viam
564 1324 792 1376 ingreditur,
812 1323 998 1375 phalange
1016 1324 1205 1375 quantum
1218 1322 1400 1361 festinare

46 1393 174 1440 posset
193 1389 299 1440 sequi
315 1389 435 1439 jussa.
483 1387 574 1438 Ipse
591 1387 778 1439 quadrato
791 1387 940 1439 agmine
959 1387 1152 1436 incedens,
1172 1386 1228 1424 ita
1245 1398 1400 1424 cursum

48 1455 215 1507 regebat,
234 1455 246 1472 ⁴
259 1459 305 1492 ut
322 1453 439 1505 primi
457 1453 635 1504 conjungi
653 1453 803 1491 ultimis
822 1457 990 1503 possent.

128 1520 188 1556 35.
220 1517 406 1555 Trecenta
424 1516 551 1554 stadia
568 1519 843 1566 processerant,
863 1517 952 1553 cum
971 1515 1136 1553 occurrit
1163 1513 1401 1552 Brocubelus

50 1580 187 1619 Mazaei
214 1579 326 1628 filius,
347 1578 469 1630 Syriae
495 1578 686 1630 quondam
713 1578 875 1616 Praetor.
923 1624 926 1627 Δ
948 1577 992 1615 Ι5
1024 1590 1173 1628 quoque
1203 1576 1404 1627 transfuga

49 1643 262 1691 nunciabat,
283 1642 479 1680 “Bessum
491 1641 594 1679 haud
607 1641 774 1691 amplius
792 1641 908 1692 quam
923 1640 1088 1678 ducenta
1101 1639 1226 1677 stadia
1244 1639 1374 1677 abesse
1390 1651 1399 1677 :

49 1706 268 1753 exercitum,
288 1705 423 1756 utpote
456 1704 523 1756 qui
551 1703 650 1741 nihil
678 1707 923 1754 praecaveret,
943 1701 1234 1753 incompositum
1264 1700 1403 1739 inordi-

50 1775 254 1821 natumque
271 1768 474 1819 procedere
490 1781 498 1806 :
520 1767 757 1818 Hyrcaniam
770 1766 893 1806 videri
905 1766 1118 1817 petitur0s;
1150 1764 1183 1803 si
1202 1764 1404 1803 festinaret

52 1831 169 1884 sequi,
214 1831 433 1883 palantibus
479 1833 821 1881 superventurum:
864 1828 1026 1867 Darium
1072 1827 1195 1866 adhuc
1239 1827 1404 1866 vivere„

52 1896 241 1936 ‘Strenuo
261 1893 403 1945 alioqui
421 1893 672 1944 cupiditatem
700 1891 954 1944 consequendi
982 1891 1184 1942 transfuga
1211 1890 1402 1940 injecerat.

54 1959 192 2010 Itaque
212 1957 424 1996 calcaribus
443 1956 622 2005 subditis,
642 1955 760 1994 effuso
779 1968 894 1994 cursu
912 1958 1013 1993 eunt.
1057 1953 1220 2005 Jamque
1231 1953 1407 1991 fremitus

53 2022 223 2060 hostium
239 2021 318 2059 iter
335 2019 634 2072 ingredientium
653 2018 954 2057 exaudiebatur:
985 2017 1052 2056 sed
1078 2021 1316 2068 prospectum
1343 2016 1407 2054 ad·

58 2088 200 2123 emerat
215 2083 385 2134 pulveris
401 2083 531 2122 nubes.
587 2083 792 2133 Paulisper
811 2083 900 2133 ergo
916 2081 1085 2119 inhibuit
1102 2093 1268 2130 cursum,
1289 2080 1408 2118 donce

59 2146 277 2186 consideret
304 2147 443 2197 pulvis.
501 2146 669 2198 Jamque
700 2145 895 2196 conspecti
926 2159 949 2183 a
985 2144 1171 2184 Barbaris
1209 2148 1330 2191 erant,
1370 2148 1409 2180 et

59 2209 309 2248 ‘abeuntium
339 2221 474 2259 agmen
505 2213 793 2259 conspexerant,
813 2221 1052 2260 nequaquam
1080 2207 1204 2245 futuri
1231 2219 1354 2258 pares,
1375 2205 1408 2242 si

62 2273 186 2312 Besso
205 2272 357 2308 tantum
377 2271 496 2308 animi
528 2271 666 2309 fuisset
685 2271 734 2309 ad
766 2270 957 2322 praelium,
978 2271 1167 2322 quantum
1186 2269 1235 2307 ad
1255 2268 1408 2320 parrici-

64 2337 170 2374 dium
202 2335 337 2372 fuerat.
412 2333 588 2385 Namque
622 2339 661 2372 ct
695 2334 859 2372 Barbari
895 2346 1054 2371 numero
1087 2332 1333 2384 praestabant,
1371 2334 1410 2367 et

63 2398 212 2438 robore.
271 2395 338 2434 Ad
357 2395 428 2433 hoc
447 2396 582 2434 refecti
611 2409 699 2434 eum
729 2396 903 2447 fatigatis
923 2401 1115 2434 certamen
1134 2394 1269 2432 inituri
1289 2398 1407 2430 crant.

67 2461 145 2501 Sed
182 2473 320 2499 nomen
359 2457 575 2497 Alexandri
611 2463 651 2496 et
686 2459 799 2508 fama,
832 2459 1042 2497 maximum
1072 2458 1111 2495 in
1145 2456 1246 2495 bello
1276 2455 1408 2507 utique
