1583 2680
442 179 602 204 LIBER
639 178 707 204 VI.
745 179 856 205 CAP.
895 179 975 204 111.
1312 170 1382 207 115

40 270 194 309 thienen
212 264 396 308 habemus
424 271 464 308 in
492 275 691 322 potestate.
749 270 888 309 Plures
919 271 1143 310 Provincias
1164 272 1382 322 complexus

39 347 135 381 sum,
155 334 271 385 quiun
290 333 357 371 alii
376 333 491 372 urbes
511 339 714 385 ceperunt;
745 321 934 372 et⁸nescio
954 347 1003 372 an
1031 336 1268 373 enumeranti
1286 337 1381 374 mihi

36 396 238 448 ''quaedam
268 397 437 447 ipsarum
467 409 596 435 rerum
626 396 836 435 multitudo
868 397 1104 436 subduxerit.
1163 397 1314 449 Itaque,
1349 399 1382 436 si

37 459 232 497 crederem
253 459 347 496 satis
375 464 517 497 certam
537 472 618 497 esse
638 459 915 510 possessionem
933 464 1136 509 terrarum,
1156 474 1250 517 quas
1271 464 1382 498 tanta

35 522 238 560 velocitate
270 522 497 570 domuimus,
530 535 598 574 ego
618 523 719 571 vero,
739 522 895 572 milites,
924 523 973 561 ad
1001 529 1159 574 penates
1189 537 1304 574 mOOS,
1333 525 1377 562 ad

36 590 244 636 parentem,
266 598 503 637 sororesque,
525 591 564 624 ot
591 590 750 624 caeteros
779 586 893 635 cives,
913 586 976 625 vel
994 587 1251 625 retinentibus
1271 588 1368 626 vobi

36 661 286 698 erumperem,
323 643 395 686 ³ut
431 649 486 686 ibi
517 648 765 699 potissimum
808 651 920 699 partzi.
956 649 1153 688 vobiscum
1190 650 1304 687 laude
1342 664 1372 688 e;

33 710 158 760 gloria
190 711 350 759 fruerer,
371 711 438 749 ubi
466 724 535 749 nos
565 711 757 750 uberrima
776 712 949 751 victoriae
978 713 1137 763 praemia
1157 718 1363 763 expectant

33 773 252 822 liberorum,
273 775 488 825 conjugum,
509 779 784 826 parentumque
814 775 964 824 laetitia,
993 789 1081 826 pax,
1101 776 1224 828 quies,
1254 790 1372 814 rerun·

32 849 99 886 per
117 836 302 874 virtutem
320 842 516 887 partarum
536 850 668 875 secura
686 838 886 888 possessio.

112 899 228 938 “Sed
260 900 300 937 in
329 912 440 948 nom,
461 905 501 938 ct
521 899 570 948 (si
584 914 719 939 verum
748 901 864 939 fateri
882 901 1076 952 volumus)
1108 903 1280 952 precario
1312 903 1375 940 im-

29 963 148 1012 perio,
167 962 179 980 *
193 962 316 1000 adhuc
331 964 467 1014 jugum
487 964 569 1012 ejus
588 963 718 1014 rigida,
737 964 885 1002 cervice
905 965 1158 1003 subeuntibus
1178 965 1375 1013 Barbaris,

31 1031 213 1076 tempore,
248 1025 404 1073 milites,
424 1038 520 1075 opus
549 1030 619 1074 est,
641 1026 732 1063 dum
761 1027 982 1066 mitioribus
1012 1028 1176 1079 ingeniis
1209 1028 1374 1066 imbuan-

28 1092 104 1135 tur,
133 1087 309 1125 efferatos
328 1087 480 1125 mollior
500 1088 735 1126 consuetudo
755 1088 998 1138 permulceat.
1057 1090 1205 1141 Fruges
1225 1103 1374 1142 quoquc

28 1151 289 1189 maturitatem
322 1155 469 1190 statuto
500 1156 670 1202 tempore
704 1156 937 1202 exspectant.
1007 1153 1120 1190 Adeo
1154 1154 1270 1191 ctiam
1308 1154 1372 1191 illa

29 1217 166 1252 sensus
198 1214 320 1252 omnis
350 1215 535 1265 expertia,
569 1220 698 1253 tamen
735 1218 806 1253 suat
843 1215 926 1267 lege
962 1216 1179 1254 mitescunt.
1239 1216 1376 1262 Quid?

27 1277 184 1315 creditis
210 1282 270 1316 tot
298 1282 433 1328 gentes
464 1277 623 1316 alterius
651 1278 814 1329 imperio
834 1291 877 1316 ac
904 1279 1057 1317 nomine
1086 1284 1270 1328 assuetas,
1299 1293 1375 1318 non

27 1341 157 1389 saeris,
185 1353 262 1379 non
290 1341 473 1392 moribus,
493 1354 570 1380 non
601 1342 824 1381 commercio
855 1342 997 1394 linguae
1025 1343 1222 1382 nobiscum
1257 1344 1375 1383 eohae-

26 1408 168 1452 rentes,
189 1404 324 1442 eodem
351 1405 484 1455 praelio
505 1405 670 1443 domitas
701 1418 784 1443 esse
814 1419 890 1457 quo
910 1406 1022 1444 victae
1042 1406 1162 1444 sunt?
1218 1406 1374 1445 Vestris

26 1466 141 1504 armis
175 1467 428 1517 continentur,
456 1480 534 1506 non
564 1467 644 1505 suis
673 1468 871 1518 moribus;
898 1473 939 1507 et
965 1469 1033 1520 qui
1061 1474 1271 1519 praesentes
1298 1483 1371 1508 me-

26 1533 154 1577 tuunt,
175 1529 214 1567 in
245 1529 420 1568 absentie,
452 1530 580 1568 hostes
613 1535 736 1568 erunt.
797 1530 895 1570 Cum
927 1532 1019 1570 feris
1052 1532 1190 1571 bestiis
1218 1546 1280 1571 res
1300 1538 1370 1582 est,

25 1603 121 1642 quas
151 1596 282 1641 captas
315 1596 355 1629 et
386 1591 566 1640 inclusas,
600 1592 691 1644 quia
723 1592 893 1643 ipsarum
926 1598 1066 1631 natura
1097 1607 1174 1632 non
1204 1595 1369 1645 ‘'potest,

25 1653 173 1705 longior
193 1654 274 1692 dies
293 1654 454 1706 mitigat.
512 1654 568 1692 Et
598 1654 722 1695 adhue
749 1655 803 1692 sie
832 1668 915 1706 ago,
937 1656 1122 1706 tanquam
1141 1657 1267 1694 omnia
1285 1657 1368 1695 sub-

25 1722 109 1754 acta
138 1717 216 1754 sint
245 1717 374 1766 armis,
394 1731 481 1768 quae
510 1718 669 1755 fuerunt
696 1718 737 1755 in
766 1717 912 1756 ditione
952 1718 1072 1756 Darii.
1131 1718 1369 1769 Hyrcaniam

26 1779 270 1819 Nabarzanes
289 1780 498 1831 occupavit.
556 1780 702 1819 Baetra
728 1793 803 1819 non
832 1781 960 1819 solum
987 1781 1160 1831 possidet
1179 1782 1370 1832 parricida

25 1843 181 1892 Bessus,
215 1843 283 1882 sed
313 1843 652 1882 etiam⁶minatur.
722 1845 916 1896 Sogdiani,
955 1844 1087 1893 Dahae,
1127 1845 1368 1896 Massagetae,

25 1907 143 1955 Saeae,
165 1907 267 1958 Indi,
285 1909 370 1946 ⁷sui
393 1908 492 1958 juris
520 1914 619 1946 sunt.
680 1908 823 1948 Omnes
852 1909 904 1957 111,
932 1908 1074 1947 ‘'simul
1102 1913 1211 1960 terga
1237 1915 1369 1948 nostra

23 1970 205 2020 viderint,
227 1976 446 2023 sequentur.
531 1971 599 2010 Illi
631 1972 733 2010 enim
764 1973 938 2023 ejusdem
968 1972 1137 2010 nationis
1167 1978 1269 2020 sunt,
1298 1986 1366 2011 nos

23 2032 248 2084 alienigenae
277 2039 316 2072 et
345 2035 504 2073 externi.
563 2035 652 2074 Suis
683 2040 810 2074 autem
838 2037 978 2088 quique
997 2041 1134 2086 parent
1162 2036 1366 2086 placidius,

23 2096 139 2133 etiam
158 2098 243 2134 esim
261 2097 295 2135 is
311 2103 453 2148 praeest
482 2098 549 2150 qui
567 2099 688 2151 magis
722 2099 851 2137 timeri
877 2104 1016 2150 potest.
1100 2099 1269 2137 Proinde
1298 2106 1366 2137 aut

22 2171 108 2209 quae
127 2158 294 2209 cepimus
312 2161 525 2199 omittenda
543 2166 644 2211 sunt,
659 2166 727 2200 aut
745 2175 830 2214 quae
844 2175 919 2200 non
934 2162 1118 2200 habemus
1133 2162 1362 2212 occupanda.

24 2220 135 2259 Sicut
165 2221 206 2258 in
231 2223 453 2272 corporibus
471 2225 597 2275 aegris,
618 2225 773 2274 milites,
793 2225 892 2263 nihil
922 2225 1025 2276 quod
1054 2225 1272 2263 nociturum
1303 2231 1364 2262 est

21 2284 159 2322 medici
177 2284 401 2336 relinquunt
417 2299 425 2324 :
447 2287 502 2324 sic
515 2299 595 2337 n08,
608 2288 798 2340 quidquid
811 2289 939 2327 obstat
953 2289 1123 2339 imperio,
1136 2288 1360 2326 recidamus

22 2346 151 2386 Parva
170 2360 271 2398 saepe
291 2348 462 2387 scintilla
481 2355 699 2402 contempta
716 2365 896 2404 magnum
922 2351 1107 2390 excitavit
1134 2351 1359 2388 incendium.

23 2409 96 2448 Nil
125 2412 211 2448 tuto
241 2411 280 2448 in
310 2411 420 2450 hoste
451 2412 683 2463 despicitur:
723 2428 837 2466 quem
868 2415 1069 2465 spreveriS,
1107 2413 1357 2451 valentiorem

20 2472 255 2524 negligenti&
277 2473 406 2511 facies.
494 2474 554 2512 Nc
577 2474 718 2512 Darius
737 2476 891 2526 quidem
920 2475 1207 2514 haereditarium
1229 2473 1356 2510 Persa

693 2537 717 2572 «5
