1583 2680
459 107 619 132 Linnn
655 106 723 132 VI.
763 107 874 132 CAP.
914 107 1032 133 Vl11.
1346 96 1417 132 129

78 197 166 235 ticis
193 196 368 236 hostibus
397 198 514 236 muni.
585 198 670 237 Hos
700 198 732 236 si
762 198 971 247 submoves,
995 198 1092 236 nihil
1121 203 1248 235 metuo
1278 198 1325 236 ab
1356 211 1416 236 ex-

76 263 217 299 terno.''

155 325 216 362 24.
247 323 344 362 Haec
364 323 554 363 Craterus.
640 323 677 362 N
681 337 721 362 ec
739 324 867 363 caeteri
887 323 1124 372 dubitabant,
1147 326 1168 346 ‘¹
1183 323 1273 375 quin
1293 326 1416 373 conju-

74 386 234 424 rationis
263 387 446 424 indicium
475 388 768 437 ‘'suppressurus
797 400 872 425 non
899 387 1049 435 fuisset,
1080 387 1155 424 nisi
1189 391 1320 424 auctor
1350 392 1416 423 aut

74 449 274 500 particeps.
359 451 383 468 ¹⁰
397 449 519 495 Quem
540 450 640 488 enim
667 450 781 500 pium,
805 455 842 488 et
860 450 968 490 bonae
985 450 1138 498 mentis,
1158 463 1232 487 non
1252 450 1415 487 amicum

73 513 196 561 modo,
228 513 297 551 sed
328 526 375 551 cx
404 513 541 551 ultima
561 514 683 564 plebe,
704 513 845 552 auditis
863 527 948 565 quae
966 513 1015 552 ad
1043 526 1129 551 eum
1148 513 1275 551 delata
1294 517 1414 560 erant,

73 588 147 614 non
185 577 358 627 protinus
393 578 443 615 ad
480 577 626 629 Regem
657 578 776 615 fuisse
809 577 1038 616 cursurum?
1120 578 1145 595 ¹¹
1160 575 1221 615 Ne
1241 575 1416 614 Cebalini

71 639 225 690 quidem
244 640 429 690 exemplo,
449 641 512 691 qui
532 653 579 677 ex
598 640 719 678 fratre
748 645 938 691 comperta
969 639 1042 690 ipsi
1070 639 1302 687 nunciasset,
1323 639 1416 676 Par-

69 702 253 740 menionis
271 703 404 751 filium,
418 703 649 741 Praefectum
663 703 868 754 equitatus,
884 703 1049 742 omnium
1063 715 1283 741 arcanorum
1298 701 1416 752 Regis

70 765 256 803 arbitrum
272 779 281 814 3
313 765 513 803 simulasse
533 766 650 803 etiam
669 779 743 805 non
762 769 914 805 vacasse
933 766 1095 804 sermoni
1111 778 1176 804 suo
1196 765 1353 816 Regem,
1369 777 1416 802 ne

71 828 185 865 index
214 828 332 866 alium
362 828 641 867 internuncium
670 834 862 880 quaereret.
933 829 1205 867 Nicomachum
1233 828 1415 879 religione

69 904 214 942 quoque
234 891 362 929 Deum
390 892 632 941 adstrictum,
654 894 677 911 ¹²
688 893 956 930 conscientiam
976 905 1082 930 suam
1113 903 1315 929 exonerare
1334 903 1415 941 pro-

67 958 245 1004 perasse:
274 954 478 1003 Philotam,
499 960 720 1005 consumpto
738 969 805 1005 per
834 955 964 993 ludum
989 957 1187 1005 jocumque
1204 954 1300 1004 pene
1333 958 1414 991 toto

69 1017 142 1065 die,
162 1022 362 1067 gravatum
391 1030 472 1055 esse
500 1030 620 1068 pauca
649 1018 775 1066 verba,
809 1019 858 1056 ad
887 1023 1001 1068 caput
1029 1018 1150 1068 Regis
1170 1017 1413 1068 pertinentia,

67 1084 144 1117 tam
163 1079 274 1131 longo
295 1084 333 1117 et
351 1080 511 1117 forsitan
528 1093 760 1130 supervacuo
781 1080 946 1118 inserere
965 1080 1140 1118 sermoni.
1199 1080 1224 1098 ¹³
1239 1081 1297 1117 At
1316 1080 1415 1117 enim

67 1156 142 1180 non
171 1143 379 1181 credidisse
399 1143 492 1181 talia
511 1143 772 1182 deferentibus
803 1143 954 1194 pueris!
983 1157 1050 1181 cur
1069 1144 1190 1193 igitur
1220 1143 1244 1161 ¹⁴
1261 1148 1414 1180 extrax-

70 1206 167 1244 isset
197 1206 370 1254 biduum,
391 1211 573 1257 tanquam
609 1207 750 1245 indicio
769 1207 927 1245 haberet
946 1206 1093 1244 fidem?
1133 1206 1413 1244 Dimittendum

66 1270 186 1307 fuisse
225 1268 464 1318 Cebalinum,
500 1270 532 1307 si
578 1269 810 1308 delationem
847 1272 930 1320 ejus
969 1269 1182 1309 damnabat.
1267 1269 1316 1307 In
1345 1282 1413 1307 suo

67 1345 255 1384 quemque
284 1332 454 1383 periculo
487 1346 667 1384 magnum
701 1333 867 1371 animum
901 1333 1067 1372 habere:
1098 1335 1182 1371 cnm
1214 1332 1261 1370 de
1290 1332 1413 1371 salute

69 1396 190 1447 Regis
210 1396 423 1444 timeretur,
439 1396 616 1434 credulos
637 1409 719 1434 esse
735 1396 872 1434 debere
889 1409 896 1446 ;
919 1409 1018 1434 vana
1031 1409 1181 1448 quoquc
1197 1396 1412 1434 deferentes

69 1459 310 1496 admittere.⁷‘
368 1458 512 1498 Omnes
546 1459 665 1510 igitur
684 1459 935 1511 quaestionem
968 1459 1015 1497 de
1046 1472 1103 1508 eo,
1131 1464 1176 1497 ut
1204 1459 1412 1510 participes

69 1521 224 1560 sceleris
254 1521 425 1559 indicare
457 1527 667 1572 cogeretur,
694 1522 907 1560 habendam
935 1535 1017 1560 esse
1046 1522 1266 1560 decernunt.
1324 1523 1412 1560 Rex

69 1584 298 1631 admonitos,
332 1588 378 1621 ut
417 1584 618 1622 consilium
648 1584 801 1622 silentio
829 1589 1058 1634 premerent,
1086 1585 1260 1622 dimittit.
1319 1585 1410 1622 Pro-

69 1647 244 1685 nunciari
264 1647 402 1684 deindo
423 1647 498 1684 iter
517 1647 556 1684 in
575 1652 771 1698 posterum
792 1647 892 1685 diem
909 1648 1032 1697 jubet,
1051 1661 1098 1685 ne
1118 1661 1194 1698 qua
1213 1648 1303 1685 novi
1323 1647 1412 1685 initi

69 1711 219 1749 consilii
239 1710 396 1748 daretur
415 1714 516 1748 nota.
600 1710 795 1748 Invitatus
823 1715 882 1748 est
911 1711 1025 1748 etiam
1047 1710 1230 1748 Philotas
1250 1710 1298 1747 ad
1325 1710 1411 1748 ulti-

69 1787 150 1811 mas
169 1773 242 1824 ipsi
263 1773 416 1823 epulas:
447 1782 486 1810 et
505 1786 575 1812 rex
593 1785 668 1811 non
689 1786 838 1811 coenarc
868 1773 992 1821 modo,
1013 1772 1081 1810 sed
1110 1773 1226 1810 etiam
1254 1773 1410 1810 familia-

69 1837 165 1875 riter
198 1835 363 1887 colloqui
396 1849 481 1874 cum
507 1848 551 1874 eo
580 1849 692 1887 quem
719 1836 976 1883 damnaverat,
998 1836 1190 1874 sustinuit.
1236 1835 1412 1874 Secunda

71 1899 209 1938 deinde
241 1900 387 1951 vigilia,
419 1899 628 1938 luminibus
663 1900 857 1948 extinctis,
896 1913 982 1938 cum
1018 1899 1150 1950 paucis
1191 1899 1230 1936 in
1267 1899 1412 1950 regiam

72 1967 212 2001 coeunt
231 1963 496 2014 Hephaestion,
517 1968 558 2002 et
579 1963 774 2011 Craterus,
795 1969 834 2000 et
866 1962 1015 2013 Coenus,
1036 1967 1075 2000 et
1104 1962 1298 2014 Erigyius.
1357 1963 1413 2001 Hi

73 2039 120 2063 ex
141 2025 321 2064 ¹⁵amicis.
379 2026 444 2064 Ex
477 2027 678 2078 armigeris
708 2032 847 2076 autem,
882 2026 1098 2074 Perdiccas,
1129 2030 1168 2063 et
1203 2025 1408 2064 Leonatus.

74 2088 152 2126 Per
184 2088 253 2126 hos
284 2089 524 2140 imperatum,
552 2095 597 2128 ut
630 2090 695 2141 qui
730 2090 963 2128 Praetorium
997 2089 1248 2138 excubabant,
1278 2089 1414 2127 armati

76 2150 290 2202 vigilarent.

155 2217 215 2251 25.
247 2214 339 2252 Jam
359 2215 407 2252 ad
441 2228 570 2254 omnes
601 2217 729 2254 aditus
760 2216 935 2267 dispositi
964 2216 1128 2265 milites;
1160 2215 1307 2266 equites
1327 2228 1412 2266 quo-

75 2273 149 2329 que
181 2278 318 2315 itinera
337 2278 511 2317 obsidere
541 2280 652 2329 jussi,
672 2294 719 2318 ne
749 2281 835 2331 quis
855 2281 903 2318 ad
934 2280 1226 2318 Parmenionem
1247 2279 1312 2329 qui
1334 2284 1413 2314 tum

79 2341 231 2389 Mediae,
251 2341 474 2391 magnisque
494 2343 612 2392 copiis
630 2350 806 2393 praeerat,
823 2344 992 2381 occultus
1012 2343 1201 2381 evaderet.
1253 2343 1414 2378 Attaras

79 2410 205 2442 autem
227 2417 311 2441 cum
332 2404 513 2442 trecentis
534 2406 689 2444 armatis
718 2407 928 2444 intraverat
948 2407 1099 2457 regiam.
1160 2404 1263 2442 Huic
1284 2403 1412 2440 decem
