1583 2680
96 149 174 185 228
565 158 747 190 QUINTI
787 157 969 183 01111111

95 251 169 289 init
187 264 376 303 pugnam3
408 255 459 300 ct,
479 263 527 288 ne
545 249 733 288 circumiri
752 254 893 301 posset,
909 250 1062 289 fortuna
1080 252 1307 302 providerat.
1364 251 1438 291 ve-

95 320 201 352 tusta
232 315 344 353 arbor
373 314 476 352 haud
504 314 635 365 procul
664 327 769 352 muro
798 327 923 352 ramos
950 314 1074 352 multa
1105 315 1239 354 fronde
1265 316 1438 365 vestitos,

95 378 200 415 velut
236 378 283 416 de
318 378 509 416 industri-52
554 377 700 429 Regem
744 382 998 429 protegentes,
1037 378 1237 428 objecerat.
1311 379 1439 429 Hujus

96 441 263 491 spatioso
282 441 406 492 stipiti
439 454 573 491 corpus
606 441 799 491 applicuit,
820 441 951 492 clypeo
981 441 1071 491 tela,
1090 455 1176 493 quae
1205 455 1253 480 ex
1282 442 1440 480 adverso

96 505 374 556 ingerebantur,
408 505 606 555 excipiens.
665 503 767 541 Nam
798 505 889 542 cum
916 518 1033 542 unum
1061 506 1192 555 procul
1220 510 1278 543 tot
1308 509 1441 542 manus

96 572 280 617 peterent,
316 581 426 605 nemo
462 572 589 605 tamen
626 566 788 605 audebat
823 567 976 617 propius
1012 568 1198 606 accedere.
1273 568 1442 606 Missilia

97 630 214 667 ramis
244 630 355 680 plura
383 632 498 681 quam
529 629 661 680 clypeo
692 629 918 668 incidebant.
987 629 1192 681 Pugnabat
1228 643 1295 680 pro
1333 630 1441 680 Rege

53 709 58 714 ·
97 692 260 743 primum
279 692 459 731 celebrati
488 692 648 730 nominis
681 692 794 740 fama,
816 691 953 729 deinde
982 692 1233 742 ³desperatio,
1262 706 1442 744 magnum

98 755 146 792 ad
164 756 324 794 honeste
343 755 582 794 moriendum
612 755 922 792 incitamentum:
952 754 1019 792 sed
1037 755 1049 772 ⁴
1063 756 1152 792 cum
1170 755 1335 794 subinde
1361 755 1443 792 hos-

99 819 151 856 tis
169 819 346 867 afflueret,
375 820 456 868 jam
474 818 666 869 ingentem
684 818 764 856 vim
782 817 946 856 telorum
975 823 1172 869 exceperat
1191 818 1335 869 clypeo,
1365 819 1446 868 jam

98 882 247 932 galcam
277 894 368 920 saxa
397 882 665 933 perfregerant,
687 882 698 898 ⁵
708 883 790 932 jam
819 881 998 919 continuo
1017 881 1146 920 labore
1173 882 1306 934 gravia
1323 894 1447 933 genua

99 945 345 983 succiderant.
418 944 558 996 Itaque
596 946 856 995 contemptim,
894 949 934 982 et
970 945 1135 994 incaute,
1171 945 1238 997 qui
1280 944 1448 996 proximi

101 1013 298 1057 steterant,
330 1008 597 1046 incurrerunt:
626 1021 646 1045 e
678 1008 816 1059 quibus
850 1008 946 1046 duos
964 1008 1093 1060 gladio
1124 1008 1182 1047 ita
1211 1008 1371 1059 excepit,
1401 1013 1447 1046 ut

101 1077 188 1109 aute
207 1072 332 1122 ipsum
351 1071 543 1110 exanimes
561 1071 858 1122 procumberent.
916 1071 954 1109 N
959 1084 1000 1109 ec
1019 1072 1194 1123 cuiquam
1213 1072 1348 1110 deinde
1363 1084 1447 1122 pro·

103 1136 188 1186 pius
222 1135 432 1173 incessendi
464 1148 552 1173 cum
581 1136 728 1173 animus
747 1135 832 1173 fuit.
890 1135 1031 1173 Procul
1054 1135 1183 1185 jacula
1211 1135 1448 1187 sagittasque

102 1199 312 1237 mittebant.

188 1265 244 1300 16.
275 1262 348 1300 Ille
381 1261 431 1299 ad
457 1274 586 1299 omncs
618 1261 718 1299 ictus
751 1261 957 1311 expositus,
989 1262 1089 1313 aegre
1120 1262 1223 1312 ⁰jam
1251 1266 1450 1312 exceptum

103 1325 312 1376 poplitibus
350 1337 487 1374 corpus
516 1324 704 1373 tuebatm,
743 1324 862 1361 donec
899 1324 1022 1362 Indus
1051 1324 1211 1363 duorum
1238 1325 1451 1363 cubitorum

105 1389 286 1440 sagittam
307 1388 480 1439 (namque
499 1387 620 1436 Indis,
640 1392 685 1425 ut
715 1387 804 1425 ante
836 1387 1014 1436 diximus,
1033 1388 1146 1438 hujus
1173 1388 1451 1440 magnitudinis

106 1451 261 1503 sagittae
298 1453 421 1502 crant)
452 1450 508 1488 ita
537 1450 715 1498 excussit,
748 1455 792 1487 ut
822 1463 890 1500 per
918 1450 1112 1488 thoracem
1147 1451 1307 1501 paulum
1338 1464 1452 1502 super

105 1515 206 1553 latus
225 1515 401 1552 dextrum
427 1513 609 1564 infigeret.
667 1511 751 1558 Quo
771 1513 927 1551 vulnere
957 1512 1128 1562 afflictus,
1158 1517 1297 1565 magnei
1314 1514 1354 1553 vi
1373 1527 1454 1553 san-

104 1578 230 1631 guinis
263 1577 461 1625 emicante,
493 1575 665 1614 τ1011115111
694 1589 798 1613 arma
830 1576 1056 1615 moribundo
1086 1576 1246 1615 similis:
1287 1577 1455 1628 adeoque

106 1641 333 1689 ⁶resolutus,
372 1641 441 1677 ⁹ut
476 1653 524 1677 ne
562 1638 611 1676 ad
653 1639 868 1677 vellendum
903 1639 1058 1690 quidem
1102 1639 1222 1678 telum
1269 1640 1453 1679 sufficeret

106 1706 251 1743 dextra.
323 1703 461 1754 Itaque
493 1702 543 1740 ad
574 1702 865 1753 exspoliandum
902 1715 1038 1753 corpus
1073 1703 1139 1754 qui
1175 1703 1442 1742 vulneraverat

107 1769 229 1806 alacer
258 1767 398 1819 gaudio
429 1766 602 1805 accurrit.
660 1765 781 1812 Quem
810 1771 854 1804 ut
886 1766 1043 1816 injicere
1063 1767 1211 1817 corpori
1235 1780 1302 1805 suo
1321 1779 1455 1805 manus

107 1831 235 1880 sensit,
256 1830 380 1879 credo,
400 1829 529 1867 ultimi
559 1828 756 1867 dedecoris
783 1829 1016 1880 indignitate
1036 1835 1256 1878 commotus,
1287 1829 1455 1881 linquen-

107 1900 184 1932 tem
203 1893 396 1932 revocavit
427 1892 607 1940 animum,
628 1896 666 1929 et
694 1891 841 1929 nudum
874 1891 994 1929 hostis
1022 1891 1125 1928 latus
1148 1893 1173 1910 ²⁰
1186 1892 1356 1941 subjecto
1375 1905 1454 1930 mu-

106 1971 216 1996 crone
252 1957 391 1995 hausit.
463 1955 655 1994 Jacebaut
687 1955 786 1992 circa
822 1954 971 2005 Regem
1008 1954 1083 1991 tria
1119 1967 1287 2005 corpora,
1324 1955 1455 2006 procul

108 2020 350 2071 stupentibus
369 2019 528 2058 cacteris,
585 2018 672 2067 Ι110,
692 2023 736 2056 ut
765 2019 969 2069 antequtim
987 2017 1149 2056 ultimus
1180 2018 1341 2069 spiritus
1370 2019 1455 2057 defi-

108 2088 223 2132 ceret,
244 2083 430 2120 dimicans
460 2084 541 2133 jam
573 2081 874 2133 extingueretur,
895 2080 1024 2131 clypeo
1055 2094 1094 2118 se
1114 2080 1280 2120 allevare
1299 2086 1456 2120 conatus

107 2151 190 2184 cst:
222 2147 244 2163 ¹¹
262 2150 300 2182 ct
331 2147 533 2196 postquam
570 2145 619 2182 ad
651 2143 920 2181 connitendum
950 2143 1046 2180 nihil
1076 2148 1273 2194 supererat
1302 2144 1454 2193 virium,

109 2210 268 2247 dextera
302 2208 564 2258 impendentes
595 2220 720 2246 ramos
757 2206 984 2257 complexuS,
1024 2207 1199 2246 tentabat
1244 2220 1454 2260 assurgere.

110 2273 186 2313 Sed
205 2286 251 2310 nc
270 2272 324 2310 5ἰο
342 2272 495 2323 quidem
514 2276 649 2322 potens
663 2271 842 2321 corporiS‚
872 2284 1003 2309 rursus
1030 2271 1071 2308 in
1089 2284 1212 2323 genua
1230 2271 1456 2322 procumbit,

110 2350 224 2375 manu
243 2348 452 2386 provocans
471 2335 610 2383 hostes,
631 2334 663 2373 si
682 2334 766 2385 quis
785 2335 962 2384 congredi
983 2334 1154 2373 auderet.

198 2403 252 2438 17.
283 2398 452 2437 Tandem
487 2399 691 2436 Peucestes
724 2411 790 2448 per
828 2397 941 2435 aliam
975 2398 1104 2449 oppidi
1141 2402 1300 2448 partem,
1331 2397 1456 2436 detur·

112 2463 213 2502 batis
233 2462 586 2514 propugnatoribus,
610 2463 631 2479 ¹³
647 2461 745 2500 muri
775 2461 937 2513 vestigia
955 2475 1192 2513 persequens,
1214 2461 1313 2514 Regi
1332 2474 1456 2512 supcr-
