1583 2680
424 180 584 206 Lmen
625 179 747 205 VIII.
792 180 903 205 car.
943 181 1009 205 x1.
1312 170 1385 207 205

52 284 145 310 saxa
175 271 215 310 in
245 271 448 311 subeuntes
483 271 791 322 provolventibus
827 271 1032 322 Barbaris3
1073 272 1179 323 queis
1214 273 1391 323 perculsi,

51 334 224 373 instabili
242 339 281 373 et
309 334 452 373 lubrico
478 334 600 386 gradu
626 335 838 385 proecipites
866 335 1096 373 recidebant.
1152 337 1164 354 ⁹
1181 335 1394 374 Evaserant

53 402 179 435 tamen
197 397 417 447 Alexander
436 402 475 435 et
504 397 663 446 Charus,
691 411 786 448 quos
814 411 900 436 cum
927 398 1090 450 triginta
1118 398 1275 436 delectis
1302 412 1394 449 prae-

52 461 207 499 miserat
239 461 337 509 Rex,
370 465 408 498 et
432 462 512 510 jam
538 474 705 512 pugnare
733 462 906 499 cominus
935 466 1132 512 coeperant.
1201 461 1278 501 Sed
1314 465 1396 499 cum

53 524 213 574 superne
233 524 309 562 tela
327 523 491 562 Barbari
506 524 731 575 ingererent,
748 525 885 575 saepios
906 526 928 543 ²⁰
941 525 1016 575 ipsi
1034 525 1269 563 feriebantur
1281 526 1396 576 quam

53 587 308 626 vulnerabant.
383 587 488 639 Ergo
525 587 746 626 Alexander
782 592 822 625 et
857 587 1018 626 nominis
1048 588 1120 637 sui,
1151 593 1190 626 et
1216 589 1398 639 promissi

53 663 207 699 memor,
226 650 320 688 dnm
348 651 475 688 acrius
493 651 609 702 quam
628 651 781 689 cautius
809 651 979 700 dimicat,
1000 652 1197 690 confossus
1228 652 1396 702 undiquz³¹

55 713 240 752 obruitur.
298 713 420 759 Quem
446 719 491 751 ut
512 713 657 753 Charus
685 715 873 763 jacentem
892 714 1098 765 conspexit,
1117 727 1228 753 ruere
1247 715 1288 752 in
1315 715 1399 752 hos-

56 782 146 825 tem,
179 777 346 815 omnium
377 782 517 828 praeter
549 777 733 815 ultionem
768 777 976 826 immemor,
1007 778 1142 828 coepit3
1185 778 1400 828 multosque

56 840 180 888 hasta,
207 840 389 891 quosdam
418 839 547 892 gladio
577 841 780 879 interemit.
838 840 916 879 Sed
943 843 1029 878 cum
1055 846 1115 879 tot
1140 854 1259 878 unum
1286 841 1401 878 inces-

57 907 184 941 serent
201 916 348 952 manus,
370 916 482 954 super
511 903 622 941 amici
642 916 778 953 corpus
810 903 1013 954 procubuit
1031 903 1228 942 exanimis.
1285 903 1402 942 Haud

57 968 168 1004 secus
199 966 313 1017 quam
346 979 416 1016 par
443 971 526 1004 erat
555 966 926 1017 promptissimorum
955 968 1139 1017 juvenum
1166 972 1403 1005 caetcrorum-

66 1042 130 1079 lue
162 1029 328 1066 militum
360 1029 522 1067 interitu
550 1033 758 1066 commotus
786 1030 885 1077 Rex,
906 1029 1057 1080 signum
1084 1029 1256 1080 receptui
1285 1029 1401 1067 dedit.

59 1091 184 1131 Saluti
202 1091 290 1140 fuit,
308 1091 411 1142 quod
443 1093 582 1130 sensim
601 1096 640 1129 et
668 1091 853 1142 intrepidi
872 1105 912 1130 se
939 1098 1172 1143 receperunt.
1230 1093 1284 1131 Et
1311 1093 1405 1130 Bar·

56 1155 139 1195 bari
157 1155 307 1193 hostem
324 1154 515 1204 depulisse
534 1154 701 1192 contenti
718 1167 794 1193 non
813 1155 988 1193 institere
1006 1155 1236 1194 cedentibus.

137 1220 198 1256 38.
230 1217 425 1257 Caeterum
443 1217 678 1267 Alexander,
699 1220 783 1255 cum
810 1218 1010 1256 statuisset
1029 1218 1216 1256 desistere
1244 1219 1406 1269 incepto,

59 1280 210 1332 (quippe
228 1280 337 1318 nulla
353 1293 439 1330 spes
458 1280 655 1331 potiundae
684 1286 804 1331 petrae
823 1281 1078 1333 offerebatur),
1097 1285 1225 1319 tamen
1247 1282 1407 1332 speciem

58 1343 227 1382 ostendit
256 1343 297 1381 in
315 1343 512 1383 obsidione
541 1344 828 1395 perseverantis,
885 1343 988 1383 Nam
1007 1350 1045 1383 et
1076 1345 1218 1382 itinera
1236 1345 1406 1384 obsideri

65 1406 195 1456 jussit,
215 1410 255 1444 et
271 1411 396 1445 turres
414 1407 618 1456 admoveri,
637 1411 676 1445 et
693 1407 870 1458 fatigatis
897 1407 992 1446 alios
1020 1408 1230 1446 succedere.
1287 1407 1407 1458 Cujus

59 1469 269 1520 pertinacia.
299 1469 464 1521 cognita,
484 1469 574 1508 Indi
602 1483 671 1520 per
701 1470 860 1508 biduum
878 1471 1045 1521 quidem,
1066 1483 1109 1509 ac
1138 1471 1233 1509 duas
1264 1476 1407 1521 noctes,

59 1545 145 1570 cum
189 1532 442 1570 ostentatione
484 1545 560 1570 non
603 1532 753 1571 fiduciae
791 1533 916 1581 modo,
956 1534 1023 1571 sed
1067 1534 1184 1571 etiam
1223 1534 1407 1582 victoriae,

61 1594 204 1645 epulati
223 1599 324 1643 sunt,
346 1599 525 1645 tympana
552 1607 620 1632 suo
640 1607 744 1632 more
773 1595 978 1645 pulsantes.
1036 1596 1169 1634 Tertia
1189 1598 1278 1635 vero
1297 1602 1408 1635 nocte

61 1663 323 1708 tympanorum
352 1657 507 1708 quidem
539 1657 724 1707 strepitus
756 1657 923 1696 desierat
963 1658 1112 1697 audiri:
1155 1662 1333 1697 caeterum
1360 1672 1408 1697 ex

60 1724 143 1758 tota
174 1723 284 1771 petra
315 1720 418 1758 faces
454 1720 710 1772 refulgebant,
746 1733 841 1771 quas
883 1721 1132 1758 accenderant
1159 1721 1334 1771 Barbari,
1363 1728 1409 1761 ut

62 1783 182 1821 tutior
219 1788 319 1821 esset
354 1783 449 1834 ipsis
487 1783 590 1834 fuga,
618 1783 779 1821 obscura
816 1788 926 1822 nocte
962 1797 1029 1834 per
1064 1784 1170 1822 invia
1196 1797 1289 1822 saxa
1325 1798 1407 1824 cur-

60 1846 172 1884 suris.
241 1847 342 1895 Rex,
380 1845 541 1885 Balacro
576 1846 644 1897 qui
677 1846 934 1898 specularetur
968 1847 1177 1897 praemisso,
1215 1849 1408 1900 cognoscit

61 1914 209 1959 petram
225 1909 319 1961 fuga
338 1909 524 1948 Indorum
542 1921 624 1947 esse
643 1909 842 1948 desertam.
900 1909 1001 1947 Tum
1020 1910 1110 1948 dato
1130 1911 1237 1962 signo
1257 1916 1302 1949 ut
1326 1912 1406 1950 uni—

62 1973 162 2011 versi
189 1973 478 2018 conclamarent,
511 1973 756 2024 incomposite
788 1973 1026 2024 fugientibus
1054 1979 1199 2012 metum
1235 1975 1406 2024 incussit,

60 2035 246 2086 multique
279 2036 481 2087 (tanquam
512 2036 665 2074 adesset
696 2035 834 2087 hostis)
866 2049 933 2086 per
961 2036 1109 2074 lubrica
1137 2049 1240 2086 saxa,
1268 2051 1407 2090 perque

61 2097 186 2136 invias
203 2103 307 2136 cotes
326 2098 559 2149 praecipitati
577 2098 805 2137 occiderunt.
845 2099 982 2137 Plures
1001 2099 1131 2151 aliqua
1149 2100 1406 2139 membrorum

62 2165 168 2212 parte
194 2160 370 2199 mulctati
388 2162 437 2200 ab
465 2161 627 2213 integris
647 2161 790 2199 deserti
819 2166 917 2201 sunt.
972 2162 1071 2211 Rex,
1090 2163 1256 2202 locorum
1284 2165 1405 2216 magis

61 2225 175 2275 quzim
203 2223 370 2262 hostium
388 2224 520 2272 victor,
560 2226 724 2262 ¹¹tamen
753 2237 901 2276 magnae
931 2225 1100 2265 victoriae
1136 2227 1331 2265 sacrificiis
1366 2234 1405 2265 et

62 2286 170 2325 cultu
199 2286 326 2324 Deum
353 2287 546 2325 satisfecit.
603 2288 697 2326 Arae
726 2288 766 2325 in
794 2290 905 2338 petra
933 2288 1067 2329 locatae
1098 2296 1189 2328 sunt
1218 2291 1405 2329 Minerva}

64 2349 333 2401 Victoriaeque.
402 2349 572 2388 Ducibus
608 2350 767 2400 itineris,
802 2353 879 2403 quo
906 2352 1035 2391 subire
1068 2354 1238 2403 jusserat
1266 2353 1404 2392 lcvitcr

62 2418 240 2463 armatos,
277 2413 350 2452 etsi
390 2413 587 2465 promissis
622 2414 768 2453 minora
801 2416 1077 2467 praestiterant,
1114 2416 1279 2468 pretium
1319 2429 1401 2454 cum
