1583 2680
433 169 593 194 mnan
630 169 720 195 vu.
761 169 871 194 car.
912 169 978 194 1x.
1308 160 1378 196 169

42 258 135 299 hanc
152 260 317 312 speciem
337 260 432 312 ripis
450 260 688 311 praesidentis
701 260 904 309 exercitiis,
917 260 1049 312 ingens
1062 260 1284 312 navigantes
1305 267 1378 300 ter-

40 337 104 363 ror
139 323 340 362 invaserat.
399 323 572 374 Namque
609 337 763 362 cursum
796 323 1080 376 gubernatores,
1111 326 1194 361 cum
1225 323 1379 375 obliquo

40 386 190 425 flumine
227 386 525 436 impellerentur,
563 399 692 438 regere
727 399 803 424 non
837 391 1036 438 poterant:
1083 386 1379 438 vacillantesque

39 449 193 498 milites,
213 454 252 487 et
274 462 322 487 ne
349 441 617 487 excuterentur
645 449 812 498 solliciti,
831 454 1035 488 nautarum
1059 449 1273 487 ministeria
1301 455 1379 487 tur-

39 512 230 551 baverant.
298 511 334 549 N
340 525 359 549 e
390 512 468 550 tela
504 512 666 563 quidem,
700 512 847 550 'conati
878 512 979 561 nisu,
1009 512 1160 551 vibrare
1189 517 1377 562 poterant,

40 577 127 613 eum
145 576 250 626 prior
274 575 401 613 standi
421 575 503 612 sine
531 575 712 626 periculo,
731 576 846 627 quam
872 575 1020 614 hostem
1046 576 1268 624 incessendi,
1289 589 1379 613 cura

39 643 147 677 esset.
205 638 411 676 Tormenta
429 639 545 676 saluti
564 638 730 687 fuerunt,
749 638 888 690 quibus
906 638 946 676 in
967 638 1157 677 confertos
1175 651 1218 676 ac
1237 641 1377 676 temere

40 715 79 740 se
99 701 298 740 offerentes
316 701 419 739 haud
437 701 582 739 frustra
600 714 759 739 excussa
785 706 873 739 sunt
900 701 987 740 tela.
1043 701 1206 740 Barbari
1231 715 1379 752 quoquc

40 765 232 816 ingentem
268 765 347 803 vim
384 765 612 816 sagittarum
648 763 821 802 infudere
855 764 1014 802 ratibus.
1070 764 1223 815 Vixque
1258 764 1378 802 ullum

38 828 114 865 fuit
133 833 294 876 scutum,
313 827 414 878 quod
431 839 506 864 non
525 826 697 877 pluribus
715 826 829 864 simul
846 826 1002 877 spiculis
1018 827 1284 877 perforaretur.

119 893 179 929 35.
210 891 375 940 Jamque
394 894 507 927 terrae
524 894 626 926 rates
646 888 942 939 applicabantur,
963 890 1052 926 cum
1078 889 1180 927 acics
1207 889 1381 940 clypeata

38 952 243 1004 consurgit,
258 957 297 990 et
314 951 444 989 hastas
461 955 562 989 certo
581 952 672 1000 ictu,
692 952 703 968 ⁴
714 951 847 1002 utpote
867 951 989 990 libero
1006 951 1105 1000 nisu,
1120 951 1242 989 mittit
1256 965 1276 989 e
1291 952 1380 990 rati·

38 1016 120 1054 bus.
177 1015 232 1053 Et
256 1020 301 1052 ut
320 1015 496 1053 ‘’territos
523 1014 824 1065 recipientesque
843 1027 957 1064 equos
976 1014 1120 1063 videre,
1140 1014 1282 1053 alacres
1301 1029 1378 1052 mu-

38 1081 108 1116 tua
127 1077 390 1116 adhortatione
410 1077 450 1114 in
467 1081 608 1114 terram
626 1076 812 1114 desiliere.
868 1077 880 1094 ⁶
893 1076 1074 1115 Turbatis
1092 1077 1229 1115 acriter
1246 1078 1381 1128 pedem

38 1141 175 1179 inferre
193 1144 394 1190 coeperunt.
451 1139 639 1190 Equitum
667 1138 804 1176 deinde
833 1143 979 1188 turmae,
998 1153 1084 1190 quae
1110 1140 1291 1178 fraenatos
1317 1140 1380 1178 ha-

37 1203 177 1242 bebant
202 1215 330 1254 equos,
359 1202 578 1253 perfregere
604 1201 852 1241 barbarorum
879 1202 1005 1241 aciem.
1062 1202 1226 1240 Interim
1253 1203 1382 1241 caeteri

37 1266 189 1318 agmine
206 1265 466 1303 dimicantium
485 1265 579 1302 tecti
598 1267 781 1315 aptavere
799 1277 840 1303 se
858 1278 1006 1316 pugnae.
1063 1264 1153 1315 Ipse
1168 1265 1268 1314 Rex,
1281 1266 1378 1316 quod

38 1329 179 1381 vigoris
196 1341 298 1380 aegro
326 1327 451 1366 adhuc
477 1327 626 1379 corpori
654 1327 795 1377 deerat,
815 1327 933 1365 animi
958 1327 1142 1366 firmitate
1169 1328 1377 1379 supplebat.

39 1392 129 1431 Vox
159 1391 395 1430 adhortantis
426 1404 501 1429 non
531 1396 684 1442 poterat
717 1391 854 1440 audiri,
879 1390 1046 1429 nondum
1080 1391 1176 1430 bene
1195 1391 1380 1443 ⁴obducta

38 1455 212 1493 cicatrice
241 1454 420 1493 cervicis:
458 1453 525 1492 sed
559 1455 803 1492 dimicantem
838 1455 965 1492 cuncti
995 1453 1185 1493 videbant.
1242 1454 1380 1505 Itaque

39 1517 112 1566 ipsi
129 1517 280 1568 quidem
299 1516 437 1554 ducum
462 1517 719 1568 fungebantur
738 1515 877 1554 officio:
906 1516 1079 1567 aliusque
1103 1516 1220 1554 alium
1247 1516 1380 1555 adhor-

40 1579 112 1616 tati
131 1579 169 1616 in
187 1578 348 1626 hostem,
368 1578 505 1616 salutis
522 1578 768 1626 immemores,
782 1590 891 1616 ruere
910 1583 1113 1628 coeperunt.
1171 1578 1272 1616 Tum
1289 1580 1380 1617 vero

39 1654 113 1679 non
143 1654 220 1689 ora,
240 1653 314 1678 non
343 1653 459 1689 arma,
490 1652 567 1678 non
585 1639 797 1689 {clamorem
825 1639 994 1677 hostium
1023 1639 1190 1678 Barbari
1217 1640 1380 1678 tolerare

38 1708 252 1754 potuerunt,
274 1716 475 1754 omnesque
493 1702 647 1741 ⁷effusis
675 1702 831 1741 habenis
861 1701 1036 1753 (namque
1064 1702 1249 1753 equestris
1281 1703 1381 1741 acics

39 1769 136 1818 erat)
156 1771 358 1818 capessunt
384 1767 539 1818 fugam:
567 1778 662 1817 quos
680 1765 778 1814 Rex,
798 1765 1031 1817 'quanquam
1057 1765 1298 1804 vexationem
1325 1766 1381 1804 in-

38 1829 159 1868 validi
189 1829 358 1880 corporis
386 1829 469 1880 pati
498 1841 573 1866 non
600 1833 760 1879 poterat,
779 1841 845 1878 per
878 1828 1072 1879 octoginta
1100 1833 1230 1866 tamen
1257 1829 1384 1868 stadia

38 1892 186 1944 insequi
203 1892 468 1943 perseveravit.
524 1892 705 1943 Jamque,
723 1891 916 1943 linquente
935 1891 1074 1940 animo,
1091 1891 1169 1929 suis
1183 1893 1378 1943 praecepit,

38 1961 95 2004 ut,
122 1955 240 1994 donec
266 1955 364 1993 lucis
393 1954 539 2006 aliquid
571 1960 797 2006 superesset,
816 1954 1046 2006 fugientium
1074 1954 1194 2006 tergis
1223 1955 1380 1994 inhaere-

38 2024 132 2057 rent.
187 2019 289 2069 Ipse,
308 2019 504 2057 exhaustis
522 2018 639 2057 etiam
657 2017 776 2056 animi
796 2017 956 2067 viribus,
971 2017 1011 2055 in
1029 2022 1155 2055 castra
1169 2030 1209 2056 se
1223 2019 1379 2069 recepit,

40 2082 166 2132 ibique
184 2081 366 2120 substitit
423 2082 670 2120 Transierant
684 2083 765 2132 jam
784 2081 919 2119 Liberi
937 2081 1058 2131 patris
1078 2081 1271 2130 terminos,
1291 2095 1380 2133 quo·

40 2158 124 2184 rum
141 2149 383 2183 monumenta
400 2144 547 2196 lapides
565 2150 676 2183 erant
694 2144 835 2183 crebris
864 2142 1077 2183 intervallis
1096 2143 1294 2195 dispositi,
1324 2158 1380 2183 ar·

40 2207 223 2258 boresque
258 2219 435 2257 procerae,
459 2220 621 2258 quarum
656 2207 807 2258 stipites
842 2206 984 2244 hedera
1019 2211 1248 2246 contexerat.
1305 2207 1380 2247 Sed

41 2269 270 2309 Macedones
299 2269 358 2307 ira
384 2269 535 2321 longius
561 2271 761 2321 provexit:
789 2269 928 2321 quippe
947 2269 1073 2308 media
1101 2270 1181 2308 fere
1210 2275 1321 2308 nocte
1341 2271 1380 2307 in

41 2338 167 2371 castra
198 2331 403 2380 redierunt,
432 2332 565 2370 multis
595 2333 817 2382 interfectis,
836 2332 1013 2383 pluribus
1042 2333 1176 2384 captis,
1196 2345 1380 2384 equosque

41 2407 170 2434 unccc
200 2395 369 2446 abegere.
427 2393 657 2434 Ceciderunt
686 2401 813 2434 autem
845 2395 1098 2434 Macedonum
1123 2396 1269 2447 equites
1299 2407 1378 2433 sex-

41 2459 180 2511 aginta,
200 2458 345 2510 pedites
365 2462 517 2496 centum
534 2457 637 2497 fere:
664 2458 770 2497 mille
790 2458 908 2497 saucii
926 2459 1090 2497 fuerunt.
