1583 2680
164 149 214 186 06
626 159 808 191 QUINTI
845 157 1031 183 cun‘ril

162 253 316 304 quidem
335 253 391 290 rei
408 251 545 290 faciem
558 264 634 290 non
651 251 836 290 abstulit:
865 251 1047 289 caeternm
1061 250 1250 300 agminum
1269 249 1500 299 discrimina,

163 321 274 368 atque
310 317 490 364 ordinem,
527 315 723 367 prohibuit
758 314 931 365 perspici.
1005 313 1218 352 Multitudo
1253 313 1503 353 inundaverat

162 392 332 430 campos;
379 379 630 431 fremitusque
673 383 733 416 tot
768 377 942 426 millium,
980 377 1096 414 etiam
1139 377 1272 427 procul
1317 379 1502 417 stantium

164 456 272 481 aures
312 443 542 493 impleverat.
619 440 817 480 Fluctuari
852 440 978 478 animo
1022 440 1120 489 Rex,
1154 444 1194 478 et
1228 440 1341 478 modo
1379 454 1500 490 suum,

161 507 271 544 modo
302 506 564 545 Parmenionis
594 504 790 543 consilium
820 505 843 522 ¹⁷
855 506 940 542 sera
971 503 1223 542 aestimatione
1249 505 1501 554 perpendere:

160 569 302 621 quippe
322 571 365 608 eo
385 574 538 609 ventum
565 573 656 617 erat,
676 567 778 606 unde
797 567 916 618 recipi
943 567 1145 616 exercitus,
1163 567 1240 605 nisi
1256 567 1390 616 victor,
1419 568 1501 605 sine

160 633 277 682 clade,
309 646 384 672 non
419 636 555 684 posset.
612 633 747 683 Itaque
784 631 1022 669 dissimulato
1048 643 1198 680 pavore,
1226 631 1502 669 mercenarium

159 696 326 747 equitem
353 709 400 734 ex
433 696 591 735 Paeonia
617 694 827 746 praecedere
851 694 971 744 jubet.
1027 693 1118 744 Ipse
1144 694 1383 745 phalangem,
1404 695 1501 732 sieut

159 760 273 797 antea
293 760 437 797 dictum
457 764 525 808 est,
543 759 585 796 in
604 759 677 797 duo
699 771 839 796 cornua
866 757 1098 795 extenderat.
1154 757 1368 808 Utrumque
1386 771 1502 795 cornu

159 823 304 873 equites
341 823 531 873 tegebant.
606 822 772 871 Jamque
807 820 964 858 nitidior
999 819 1079 867 lux,
1117 819 1290 857 discussa
1326 820 1499 871 ealigine,

159 885 279 922 aciem
314 885 480 922 hostium
519 884 758 922 ostenderat:
805 887 844 920 et
888 882 1128 931 Macedones,
1167 882 1246 921 sive
1290 883 1499 933 alacritate,

162 949 279 986 “sive
310 948 425 986 taedio
457 947 761 998 exspectationis,
790 945 985 998 ingentem
1012 945 1265 997 pugnantium
1292 959 1396 985 more
1423 947 1500 985 edi-

159 1012 248 1049 dere
268 1012 484 1049 clamorem.
540 1010 734 1048 Redditus
753 1013 791 1047 et
818 1023 841 1047 a
868 1009 1009 1057 Persis,
1039 1021 1192 1047 nemora
1210 1009 1401 1061 vallesque
1431 1011 1500 1049 cir-

158 1077 362 1126 cumjectas
381 1074 547 1113 terribili
566 1086 656 1111 sono
674 1072 908 1123 impleverat.
966 1071 1004 1110 N
1007 1085 1049 1110 ee
1064 1073 1145 1122 jam
1163 1072 1349 1111 contineri
1376 1074 1499 1112 Mace-

157 1139 273 1177 dones
301 1143 488 1189 poterant,
508 1138 600 1188 quin
620 1138 770 1174 ¹⁹cursu
797 1148 942 1187 quoque
971 1135 1020 1173 ad
1048 1135 1193 1173 hostem
1221 1136 1498 1176 contenderent.

158 1201 303 1240 Melius
340 1201 468 1239 adhue
496 1205 603 1238 ratus
629 1199 851 1238 Alexander
869 1199 910 1236 in
937 1198 1067 1237 eodem
1095 1199 1242 1238 tumulo
1270 1205 1396 1239 eastra
1422 1214 1500 1238 mu—

156 1267 249 1315 nire,
269 1266 293 1283 ²⁰
306 1266 447 1304 vallum
473 1264 551 1314 jaci
576 1263 715 1314 jussit:
745 1268 971 1313 strenueque
991 1275 1100 1312 opere
1119 1263 1298 1313 perfecto,
1318 1263 1359 1301 in
1379 1263 1500 1302 taber·

157 1330 342 1378 naculum,
362 1342 410 1367 ex
427 1341 500 1380 quo
519 1332 600 1365 tota
619 1327 719 1365 acies
737 1326 905 1364 hostium
924 1326 1234 1376 conspiciebatur,
1255 1328 1419 1366 secessit.

235 1393 361 1431 XIII.
395 1395 454 1430 49.
487 1393 497 1410 ¹
514 1391 613 1429 Tum
631 1391 720 1429 vero
740 1391 919 1428 universa
933 1390 1056 1427 futuri
1077 1390 1308 1428 discriminis
1328 1391 1445 1429 facies
1462 1393 1500 1430 in

157 1458 279 1495 oculis
307 1461 400 1495 erat.
458 1455 591 1494 Armis
621 1454 837 1506 insignibus
868 1454 956 1505 equi
975 1453 1125 1505 virique
1155 1454 1430 1504 splendebant3
1462 1462 1501 1494 et

157 1517 282 1559 om‘nia
301 1520 506 1558 intentiore
527 1522 619 1556 eura
638 1517 844 1569 praeparari
859 1517 961 1567 apud
979 1517 1141 1566 hostem,
1158 1517 1377 1556 sollicitudo
1399 1519 1499 1558 Prae-

158 1592 284 1623 torum
313 1584 463 1635 agmina
483 1595 551 1620 sua
570 1581 930 1632 interequitantium
957 1580 1202 1629 ostendebat;
1234 1594 1277 1619 ae
1296 1581 1501 1633 ²pleraque

158 1649 295 1695 inania,
317 1648 417 1685 sicut
449 1646 626 1684 fremitus
658 1644 867 1692 hominum,
889 1656 1070 1694 equorum
1103 1643 1287 1693 hinnitus,
1309 1658 1500 1683 armornm

158 1710 467 1748 internitentium
487 1708 628 1760 fulgor,
651 1707 859 1746 sollicitam
879 1706 1162 1757 exspectatione
1189 1712 1354 1745 mentem
1375 1709 1502 1747 turba-

157 1778 301 1812 verant.
359 1772 525 1822 ³Igitur,
547 1771 626 1809 sive
647 1770 788 1808 dubius
816 1769 944 1817 animi,
963 1770 1044 1807 sive
1064 1774 1109 1806 ut
1129 1781 1217 1806 suos
1244 1770 1501 1820 experiretur,

158 1837 359 1875 consilium
377 1836 545 1883 adhibet,
565 1834 659 1886 quid
678 1834 864 1884 optimum
883 1833 987 1870 factu
1007 1837 1118 1879 esset,
1137 1832 1350 1883 exquirens.
1409 1834 1500 1872 Par-

159 1901 294 1949 menio,
310 1899 567 1951 peritissimus
587 1898 687 1935 inter
703 1897 818 1934 duces
839 1896 979 1934 artium
998 1895 1102 1944 belli,
1123 1895 1134 1912 ⁴
1147 1896 1263 1944 furto,
1279 1910 1354 1935 non
1369 1898 1501 1948 praelio

160 1977 254 2014 opus
274 1976 356 2001 csse
376 1962 576 2005 censebat:
605 1960 859 2010 ⁶intempestii
890 1963 999 1996 noete
1020 1971 1130 2008 posse
1161 1959 1324 2009 opprimi
1350 1959 1501 1998 hostes:
1527 1969 1540 1978 ‘

161 2027 354 2064 discordes
374 2025 558 2073 moribus,
574 2024 728 2075 linguis,
745 2023 793 2061 ad
813 2023 893 2060 haec
915 2027 954 2060 et
974 2034 1104 2060 somno
1125 2027 1164 2060 et
1184 2022 1389 2072 improviso
1408 2037 1504 2074 peri-

161 2089 245 2126 culo
275 2089 442 2136 territos,
462 2087 612 2139 quando
633 2087 672 2124 in
691 2087 877 2124 nocturna,
908 2085 1161 2135 trepidatione
1192 2086 1391 2123 coituros?
1446 2087 1504 2124 At

162 2151 330 2188 interdiu
351 2151 518 2201 primum
539 2148 729 2187 terribiles
750 2160 974 2186 occursuras
1002 2147 1119 2185 facies
1141 2147 1385 2198 Scytharum,
1408 2147 1500 2186 Bae-

162 2215 458 2264 trianornmqne.
520 2213 638 2250 Hirta
658 2211 737 2249 illis
757 2224 834 2259 ora,
852 2215 889 2248 et
909 2211 1080 2248 intonsas
1101 2223 1226 2248 comas
1247 2224 1342 2249 esse.
1400 2211 1502 2249 Priu-

163 2277 268 2316 terea
298 2277 477 2315 eximiam
504 2281 700 2314 vastorum
730 2274 1034 2325 magnitudinem
1066 2287 1288 2325 corporum:
1328 2274 1438 2313 vanis
1467 2280 1505 2312 et

163 2340 338 2378 inanibus
360 2339 519 2376 militem
539 2338 670 2388 magis,
687 2338 804 2388 quum
820 2336 937 2387 justis
959 2337 1174 2375 formidinis
1194 2337 1318 2375 causis
1337 2337 1504 2374 moveri:

164 2403 312 2454 deinde,
333 2408 478 2440 tantam
505 2401 793 2440 multitudinem
822 2400 1076 2438 circumfundi
1097 2401 1343 2451 paucioribus
1371 2412 1504 2451 posse:

163 2482 237 2507 non
257 2468 294 2505 in
317 2467 465 2506 Cilicim
499 2466 699 2518 angustiis,
721 2470 759 2502 et
789 2465 899 2503 inviis
931 2465 1194 2514 callib112‚setl
1229 2465 1266 2502 in
1301 2466 1434 2515 apertis
1469 2468 1507 2502 ct
