1583 2680
112 153 190 190 226
578 161 761 194 QUINTI
798 160 984 187 cUR‘rrx

112 261 218 294 metu
238 255 366 293 territi
384 267 518 292 rursus
548 253 742 292 seditiosis
763 253 918 292 vocibus
947 253 1095 303 Regem
1121 252 1318 303 inerepare
1339 264 1451 303 coepe«

112 323 225 357 runt:
255 318 466 369 “Gangem
499 331 658 366 amnem,
689 322 728 354 et
763 330 849 368 quae
884 316 988 354 ultra
1025 320 1164 364 essent,
1193 328 1269 353 non
1306 320 1454 353 coaetos

112 382 398 431 transmittere,
429 395 505 419 non
525 386 652 418 tamen
671 381 813 429 finisse,
835 381 900 418 sed
927 382 1099 417 mutasse
1118 379 1284 418 bellum:
1314 378 1455 416 indom-

113 446 180 482 itis
200 445 379 497 gentibus
408 457 448 483 se
478 444 660 494 objectos,
680 447 725 481 ut
745 443 929 494 sanguine
965 456 1033 481 suo
1067 442 1261 493 aperirent
1281 442 1317 480 ei
1339 440 1456 481 Ocea-

113 522 214 546 num.
274 508 393 545 Trahi
425 511 536 544 cxtra
556 507 682 545 sidera
702 510 740 544 et
771 505 912 554 Solem,
933 506 1094 557 cogique
1115 505 1232 553 adire,
1253 518 1338 556 quae
1358 512 1455 542 mor-

113 572 249 609 talium
280 571 401 608 oculis
432 574 571 608 natura
601 569 841 608 subduxerit.
901 569 926 586 ²⁵
939 568 1064 607 Novis
1096 569 1309 606 identidem
1342 567 1458 605 armis

113 647 231 672 novos
264 633 395 671 hostes
429 633 605 670 existere.
665 631 771 677 Quos
801 636 847 669 ut
881 644 1009 669 omnes
1037 631 1203 669 fundant
1233 632 1458 681 fugeritque,

114 697 216 748 quod
243 696 445 746 praemium
464 696 570 746 ipsos
589 695 773 732 manere?
801 694 1002 745 caliginem
1035 707 1078 731 ae
1111 694 1301 744 tenebras,
1321 698 1360 731 et
1378 707 1458 743 per-

115 766 269 811 petuam
301 763 453 797 noctem
489 758 677 808 profundo
708 757 973 806 incubantem3
1014 757 1205 807 repletum
1235 757 1459 795 immanium

115 824 332 862 belluarum
359 821 539 872 gregibus
558 821 723 869 fretum3
754 820 967 858 immobiles
990 820 1126 868 undas,
1146 820 1186 858 in
1205 820 1345 872 quibus
1365 833 1462 858 emo·

116 888 219 925 riens
234 891 372 923 natura
387 883 594 922 deficerit.’‘
643 883 730 922 Rex
748 896 824 921 non
840 886 921 933 sua,
937 883 1004 922 sed
1018 884 1185 921 militum
1200 884 1461 922 sollicitudine

117 950 264 998 anxius,
279 948 459 987 concione
475 947 660 986 advocata
681 947 804 997 docet,
824 949 846 968 “
863 947 1037 986 imbelles
1057 960 1150 996 esse,
1167 961 1262 999 quos
1275 952 1459 986 metuant.

119 1014 230 1052 Nihil
258 1013 396 1051 deinde
425 1016 568 1062 praeter
600 1011 670 1049 has
690 1015 826 1062 gentes
854 1010 1020 1059 obstare,
1040 1011 1242 1062 quominus
1273 1016 1462 1049 terrarum

118 1077 243 1129 spatia
262 1076 417 1125 emensi,
439 1076 488 1113 ad
508 1077 622 1113 finem
652 1075 767 1113 simul
786 1075 921 1113 mundi
937 1075 1187 1125 laborumque
1216 1075 1460 1125 perveniant:

118 1141 275 1179 cessisse
294 1140 372 1177 illis
391 1139 650 1179 metuentibus
673 1138 856 1190 Gangem,
876 1143 915 1176 et
943 1138 1231 1175 multitudinem
1249 1138 1461 1186 nationum,

118 1218 204 1256 quae
223 1204 327 1242 ultra
346 1215 494 1240 amnem
522 1207 673 1251 essent,
705 1202 919 1239 declinasse
951 1201 1024 1238 iter
1055 1201 1112 1248 eo,
1131 1200 1199 1238 ubi
1229 1214 1298 1251 par
1328 1201 1463 1252 gloria,

119 1269 246 1306 minus
266 1266 479 1317 periculum
510 1269 621 1304 esset.
682 1265 811 1302 ¹⁶‹Jam
844 1265 1060 1315 prospicere
1081 1277 1121 1301 se
1140 1263 1358 1302 Oceanum:
1385 1266 1464 1314 jani

119 1330 280 1381 perflare
309 1329 359 1367 ad
397 1329 498 1379 ipsos
532 1341 664 1365 auram
696 1328 834 1365 maris:
876 1340 924 1365 ne
957 1327 1174 1365 inviderent
1206 1327 1279 1365 sibi
1311 1327 1464 1365 laudeni

119 1407 234 1444 quam
253 1397 427 1443 peteret:
460 1391 640 1429 Herculis
661 1395 699 1428 ct
730 1391 864 1429 Liberi
885 1390 1004 1440 patris
1032 1390 1215 1428 terminos
1236 1391 1465 1428 transituros

120 1457 208 1494 illos
225 1469 232 1493 :
264 1456 366 1506 Regi
386 1468 453 1493 suo
467 1468 583 1505 parvo
597 1454 789 1504 impendio
810 1453 1142 1491 immortalitatem
1157 1454 1268 1492 fania:
1285 1454 1463 1503 daturos,

119 1524 341 1571 paterentur
361 1532 400 1556 se
420 1531 467 1555 ex
489 1518 605 1555 India
623 1517 763 1566 redire,
776 1531 852 1555 non
871 1517 1043 1569 fugere.”

206 1586 260 1620 13.
295 1582 433 1621 Omnis
452 1581 673 1629 multitudo,
695 1586 734 1619 et
753 1581 919 1618 maximo
940 1581 1133 1629 militaris,
1154 1581 1289 1619 mobili
1317 1582 1466 1633 impetu

121 1647 254 1684 fertur.
314 1645 379 1683 Ita
409 1645 608 1683 seditionis
637 1657 713 1682 non
743 1644 922 1692 remedia,
943 1644 1060 1695 quam
1092 1644 1292 1695 principia,
1321 1647 1467 1695 majora

121 1715 222 1747 sunt.
281 1709 370 1747 Non
399 1708 497 1746 alias
526 1713 604 1745 tam
625 1708 750 1745 alacer
779 1707 922 1746 clamor
941 1708 988 1746 ab
1009 1708 1182 1746 exercitu
1202 1713 1260 1746 est
1279 1709 1466 1757 redditus,

128 1772 346 1823 jubentium
381 1771 539 1809 duceret
577 1771 664 1808 Diis
702 1770 892 1817 secundis,
928 1776 967 1808 et
1003 1776 1175 1821 aequarct
1210 1771 1334 1820 gloria.
1370 1784 1467 1822 quos

120 1836 376 1874 aemularetur.
437 1835 571 1872 Laetus
601 1834 662 1871 his
693 1833 1032 1871 acclamationibus
1052 1834 1100 1870 ad
1133 1834 1262 1871 hostes
1291 1834 1466 1884 protinus

121 1905 248 1936 eastra
267 1899 396 1936 movit.
456 1897 720 1935 Validissimae
751 1896 937 1934 Indorum
957 1901 1092 1947 gentes
1113 1902 1230 1945 erant,
1253 1902 1292 1935 ct
1321 1897 1465 1936 belluni

122 1963 282 2013 impigre
304 1961 505 2012 parabant,
528 1960 738 2010 ducemque
768 1972 816 1996 ex
834 1959 986 1997 natione
1011 1959 1306 2009 Oxydracaruin
1330 1961 1353 1978 ¹⁷
1366 1974 1466 2011 spec—

122 2032 212 2063 tatae
232 2025 388 2063 virtutis
409 2025 616 2075 elegerant,
631 2023 697 2074 qui
718 2023 790 2061 sub
805 2023 1000 2060 radicibus
1020 2024 1160 2060 montis
1180 2028 1305 2061 castra
1324 2024 1466 2074 posuit,

122 2090 273 2138 lateque
312 2089 430 2139 ignes,
465 2092 510 2125 ut
547 2087 712 2137 speciem
751 2086 1015 2123 multitudinis
1065 2091 1235 2137 augeret,
1270 2087 1464 2136 ostendit;

121 2152 282 2189 clamore
312 2164 460 2201 quoque
481 2164 524 2188 ae
550 2151 612 2192 sui
632 2149 748 2187 moris
769 2149 921 2186 ululatu
942 2149 1151 2187 identidem
1185 2150 1467 2201 acquiescentes

123 2214 351 2252 Macedones
396 2215 541 2250 frustra
588 2217 729 2250 terrere
769 2217 937 2249 conatus.
1015 2212 1107 2251 Jam
1145 2212 1214 2250 lux
1251 2213 1466 2264 appetebat,

121 2279 208 2315 cum
231 2277 319 2315 Rex
339 2276 486 2314 fidueiae
515 2289 558 2313 ac
579 2276 658 2326 spei
688 2275 835 2325 plenus,
857 2276 1000 2313 alacres
1020 2276 1163 2313 milites
1183 2290 1288 2314 arma
1320 2290 1466 2327 capere,

121 2348 159 2379 et
190 2341 293 2378 exire
328 2340 366 2377 in
397 2339 515 2376 aciem
547 2339 668 2389 jubet.
729 2339 806 2377 sod
841 2345 993 2377 metune
1028 2353 1075 2377 an
1109 2339 1296 2377 seditione
1330 2340 1467 2378 oborta

122 2406 219 2442 inter
242 2404 354 2454 ipsos,
376 2402 506 2441 subite»
536 2403 788 2453 profugerunt
811 2402 987 2441 Barbari.
1048 2402 1163 2441 Certi·
1185 2403 1290 2441 avios
1318 2407 1465 2441 montes
