1583 2680
607 159 767 186 mnan
808 158 851 184 x.
896 158 1006 185 CAr.
1037 158 1084 184 x.
1442 148 1518 186 265

180 251 466 303 elephantisque
486 252 713 290 constiterat
730 252 742 269 ⁰
755 256 886 290 contra
904 251 1064 303 pedite-⁶3,
1083 250 1191 303 queis
1213 250 1408 303 Meleager
1427 265 1519 302 prae-

179 319 272 353 erat.
330 314 360 353 J
362 328 422 353 am
443 320 620 368 equestre
648 329 783 366 agmen
801 315 1036 364 movebatur,
1057 319 1097 353 et
1124 314 1273 366 pedites
1294 315 1425 353 subita
1445 315 1518 353 for-

178 377 320 416 midine
341 378 389 416 ob
416 384 610 417 recentem
630 379 874 428 discordiam,
893 378 1020 416 ⁹haud
1049 379 1139 417 sane
1159 379 1284 429 pacati
1311 378 1519 430 quidquam

177 432 436 491 expectantes,
456 455 661 492 parumper
681 442 968 489 addubitaverc‚
984 454 1031 479 an
1051 442 1091 478 in
1108 441 1243 479 urbem
1263 441 1520 480 subducerent

177 503 334 553 copias:
381 504 521 556 quippe
556 505 661 556 ¹⁰pro
694 505 887 556 equitibus
934 504 1114 555 planities
1152 509 1245 543 erat,
1323 504 1518 543 Caetcrum

176 567 302 614 veriti,
322 579 368 605 nc
397 567 538 605 temere
570 568 873 606 commilitonum
891 567 1006 606 fidem
1036 567 1274 616 damnarent,
1296 567 1518 615 substitere,

176 630 402 681 praeparatis
421 631 471 668 ad
490 631 750 669 dimicandum
777 631 926 679 animis,
947 631 981 669 si
999 631 1085 682 quis
1099 631 1179 670 vim
1197 631 1369 670 inferret.
1428 631 1456 669 ,J
1460 644 1518 667 am

176 694 329 744 agmina
365 694 531 742 coibant,
570 708 804 746 parvumque
842 694 1089 733 intervallum
1127 699 1222 743 erat,
1260 695 1363 746 quod
1401 695 1519 732 aciem

176 762 378 808 utramque
416 757 616 795 divideret.
675 757 814 809 Itaque
852 757 949 796 Rex·
977 770 1063 796 cum
1091 761 1171 796 unzi,
1204 757 1266 796 ala
1298 758 1520 809 obequitare

177 820 372 869 peditibus
400 821 526 871 coepit,
549 821 751 860 discordiae
767 826 953 871 auctores,
972 834 1068 872 quos
1097 822 1198 859 tucri
1231 821 1313 872 ipsc
1342 821 1519 868 debebat,

177 883 363 920 instinctu
400 883 599 922 Perdiccae
636 884 686 921 ad
723 884 910 934 supplicia
947 884 1184 934 deposcens:
1227 883 1521 935 minabaturque

177 959 306 984 omnes
326 952 472 984 turmas
500 960 587 985 cum
619 947 832 998 elephantis
865 947 1115 986 inducturum
1146 960 1186 985 sc
1217 948 1257 985 in
1287 952 1519 985 recusantes.

179 1010 397 1060 Stupebant
413 1011 618 1061 improviso
639 1010 739 1048 malo
759 1011 909 1062 pedites
927 1024 934 1048 :
966 1024 1036 1049 nec
1054 1011 1141 1061 plus
1161 1011 1201 1048 in
1220 1011 1302 1061 ipso
1325 1010 1521 1060 Meleagro

177 1078 261 1110 erat
290 1078 356 1111 aut
384 1073 534 1111 consilii
568 1078 635 1111 aut
667 1074 796 1111 animi.
856 1075 881 1091 ¹¹
902 1074 1157 1112 Tutissimum
1191 1087 1239 1112 ex
1269 1075 1522 1125 praescntibus

177 1136 390 1185 videbatur,
419 1141 621 1187 expectare
650 1137 782 1186 potius
812 1137 929 1188 quam
962 1150 1115 1175 movere
1149 1138 1353 1175 fortunam.
1423 1138 1522 1175 Tum

179 1200 396 1248 Perdiccas,
416 1205 461 1237 ut
481 1204 678 1250 torpentes
698 1204 738 1237 et
758 1200 781 1217 ²²
797 1200 983 1239 obnoxios
1002 1201 1115 1249 vidit,
1135 1206 1325 1239 trecentos
1345 1201 1439 1250 fere,
1455 1201 1523 1252 qui

179 1263 419 1315 Meleagrum
433 1267 695 1314 erumpentem
707 1276 754 1301 ex
770 1263 961 1312 concione,
977 1277 1063 1315 quae
1076 1264 1200 1314 prima
1214 1265 1347 1303 habita
1363 1270 1421 1302 est
1435 1269 1524 1315 post

177 1332 340 1366 mortem
359 1327 588 1376 Alexandri,
605 1328 728 1365 secuti
743 1332 864 1376 erant,
881 1341 904 1365 a
923 1327 1070 1366 caeteris
1090 1327 1290 1377 discretos,
1308 1328 1523 1379 elephantis

178 1390 218 1428 in
250 1395 455 1441 conspeetu
486 1390 608 1428 totius
642 1391 838 1429 exercitiis
871 1391 1029 1441 objicit;
1069 1404 1276 1443 omnesque
1309 1391 1524 1431 belluarum

178 1453 340 1503 pedibus
371 1453 507 1491 obtriti
534 1458 635 1501 sunt,
664 1466 734 1492 nec
767 1453 994 1504 prohibente
1024 1454 1221 1506 Philippo,
1241 1468 1312 1493 nec
1341 1460 1521 1504 auctore,

182 1515 511 1567 ¹³apparebatque,
531 1516 573 1553 id
602 1516 715 1554 modo
741 1530 810 1567 pro
841 1530 910 1555 suo
928 1517 1227 1566 vindicaturum,
1256 1518 1360 1570 quod
1393 1531 1524 1569 appro-

180 1579 311 1617 basset
348 1585 518 1617 eventus.
594 1578 683 1616 Hoc
719 1579 911 1618 bellorum
948 1580 1122 1619 civilium
1168 1581 1447 1619 Macedonibus
1485 1586 1525 1619 ct

180 1655 301 1689 omen,
322 1646 362 1680 et
390 1641 620 1692 principium
648 1642 734 1680 fuit.
803 1642 1011 1694 Meleager,
1039 1644 1124 1681 sero
1150 1643 1351 1682 intellecta
1385 1644 1524 1683 fraude

182 1705 388 1755 Perdiccae,
407 1710 489 1743 tum
507 1705 663 1757 quidem
681 1705 773 1757 quia
792 1705 912 1757 ipsius
928 1707 1079 1756 corpori
1107 1706 1166 1744 vis
1185 1719 1261 1745 non
1280 1707 1523 1756 afferebatur,

180 1769 219 1807 in
239 1769 389 1821 agmine
408 1769 562 1821 quietus
582 1769 694 1807 stetit
711 1781 718 1807 :
749 1774 790 1807 at
816 1782 917 1818 mox,
939 1769 1121 1807 damnata
1141 1783 1207 1820 spe
1227 1769 1375 1819 salutis,
1398 1770 1524 1810 ¹‘cum

181 1835 265 1884 ejus
296 1833 448 1872 nomine
481 1845 595 1885 quem
626 1833 709 1884 ipse
737 1833 882 1872 fecerat
909 1833 1070 1884 Regem,
1105 1833 1145 1871 in
1178 1833 1387 1884 perniciem
1417 1847 1524 1873 suam

181 1897 383 1936 abutentes
401 1896 550 1935 videret
569 1896 756 1946 inimicos,
777 1897 950 1948 confugit
976 1898 1017 1934 in
1036 1896 1231 1947 templum.
1289 1897 1361 1946 Ac,
1381 1911 1429 1936 ne
1448 1899 1523 1937 loci

180 1960 336 2012 quidem
354 1959 547 2011 religione
567 1960 760 2009 defensus,
781 1960 978 1999 occiditur.

261 2023 312 2062 X.
343 2027 406 2062 25.
438 2023 657 2073 Perdiccas,
676 2023 864 2074 perducto
892 2023 933 2061 in
962 2023 1096 2062 urbem
1117 2023 1302 2072 exercitu,
1322 2025 1523 2064 consilium

182 2087 397 2138 principum
423 2086 594 2125 virorum
623 2087 772 2135 habuit,
801 2087 842 2124 in
872 2099 948 2138 quo
978 2087 1181 2137 imperium
1210 2088 1266 2125 ita
1292 2087 1414 2126 dividi
1443 2089 1523 2140 pla-

183 2150 275 2199 cuit,
293 2154 339 2187 ut
366 2149 455 2187 Rex
473 2149 627 2200 quidem
646 2162 832 2188 summam
860 2151 944 2199 ejus
963 2149 1164 2199 obtineret,
1185 2150 1367 2202 Satrapes
1397 2151 1523 2190 Ptole-

183 2225 302 2252 maeus
337 2211 503 2263 AEgypti
532 2218 573 2250 et
605 2213 753 2251 Afrieae
791 2213 800 2230 ¹
812 2213 994 2264 gentium,
1023 2227 1109 2265 quae
1145 2214 1185 2252 in
1223 2214 1368 2254 ditione
1404 2221 1522 2254 erant.

186 2275 439 2315 Laomedonti
469 2274 584 2325 Syria
616 2289 702 2314 cum
733 2275 914 2314 Phoenice
941 2276 1032 2315 data
1061 2282 1143 2326 est3
1186 2277 1355 2316 Philotae
1389 2278 1524 2317 Cilicia

186 2339 398 2378 destinata:
431 2338 592 2388 Lyciam
623 2351 709 2377 cum
741 2339 972 2391 Pamphylia¹
1002 2345 1042 2378 et
1065 2342 1209 2391 majore
1238 2340 1414 2392 Phrygia
1442 2341 1526 2379 ὀὶ)-

188 2403 309 2441 tinere
325 2403 457 2452 jussus
477 2401 709 2454 Antigonus.
758 2401 809 2441 In
830 2403 983 2442 Cariam
1005 2403 1232 2452 Cassander,
1254 2403 1466 2442 Menander
1486 2403 1525 2442 in

189 2465 354 2516 Lydiam
381 2465 498 2503 missi.
558 2465 771 2518 Phrygiam
798 2467 994 2515 minorem,
1017 2467 1272 2518 Hellesponto
1292 2467 1512 2518 adjunctam
