1583 2680
466 128 711 153 Lmen-v.
755 129 866 153 car.
921 129 1010 154 XII.
1337 120 1405 157 105

65 224 219 259 ventum
237 223 332 267 erat,
351 224 397 257 ut
416 224 495 257 tam
513 219 771 270 periculosum
789 224 888 259 esset
905 233 981 259 non
1000 221 1151 260 credere
1181 222 1270 270 suis,
1290 225 1405 273 quam

64 282 198 333 decipi.
255 282 434 333 Triginta
451 282 575 320 millia.
594 287 711 331 erant,
731 296 888 334 quorum
914 283 1098 322 inclinata.
1115 285 1156 322 in
1176 285 1299 322 scelus
1318 285 1407 323 levi-

64 350 122 383 tas
150 344 368 383 timebatur.
444 344 616 390 Quatuor
646 345 769 384 millia
798 347 942 384 Patron
970 344 1159 397 habebat3
1200 348 1338 398 quibus
1376 349 1407 385 si

63 409 76 424 '
88 408 312 447 credidisset
331 408 493 447 salutem
513 421 630 457 suam,
650 408 827 447 damnata
846 409 1086 460 popularium
1101 411 1186 460 fide,
1204 411 1407 461 parricidio

64 471 370 510 ⁸excusationem
389 471 545 509 videbat
564 471 700 510 offerri.
768 471 907 524 Itaque
939 474 1175 524 praeoptabat
1203 474 1407 521 imme1·it‹··,

64 536 178 586 quam
205 535 292 584 jure
311 533 457 572 violari.
541 534 661 572 Besso
689 539 817 572 tamen
846 535 1073 574 insidiarum
1098 537 1296 575 consilium
1325 551 1408 587 pur-

63 597 184 649 ganti,
204 597 412 648 respondit,
443 597 695 636 “Alexandri
726 598 800 636 sibi
825 611 900 636 non
921 599 1046 638 minus
1070 600 1274 649 justitiam,
1293 603 1409 651 qua'm

65 661 249 699 virtutem
279 674 359 699 esse
389 666 633 711 perspectam.
695 661 797 699 Falli
829 675 893 700 eos
923 663 991 714 qui
1019 663 1252 714 proditionis
1284 663 1332 701 ab
1366 675 1408 700 eo

64 724 259 774 praemium
277 729 507 774 exspectent.
576 724 747 763 Violatae
764 724 854 762 fidei
883 726 1072 764 neminem
1091 727 1103 744 ⁹
1117 726 1301 765 acriorem
1329 726 1410 764 fore

65 787 255 825 vindicem
273 787 547 838 ultoremque.’'
616 787 780 838 Jamque
806 801 883 826 nox
910 789 1121 839 appetebat,
1150 791 1241 828 cnm
1268 790 1408 835 Persae,

66 864 168 888 more
187 850 300 888 solito
319 850 435 889 armis
454 850 604 901 positis,
627 851 676 888 ad
695 851 908 889 necessaria
927 864 975 890 cx
993 853 1166 902 proximo
1185 853 1270 891 vico
1290 852 1410 890 fercn-

66 914 115 951 da
146 914 375 953 discurrunt.
443 914 500 951 At
530 914 732 952 Bactriani
763 914 820 964 (ut
852 915 1079 966 imperatum
1109 921 1191 954 erat
1221 929 1244 954 a
1274 915 1409 966 Besso)

69 978 94 995 ¹⁰
109 977 247 1015 armati
275 977 438 1015 stabant.

146 1043 205 1078 32.
237 1040 347 1078 Inter
366 1040 447 1078 haec
468 1039 611 1077 Darius
631 1040 869 1078 Artabazum
903 1042 1018 1079 acciri
1046 1042 1181 1092 jubet3
1213 1043 1410 1092 expositis-

65 1117 139 1154 que
168 1117 254 1155 quae
287 1103 435 1141 Patron
473 1103 678 1150 detulerat,
712 1103 853 1141 “haud
891 1104 1103 1153 dubitare,’'
1139 1106 1410 1153 ¹¹Artabazus,

66 1167 196 1218 “quin
229 1166 506 1204 transeundum
536 1171 638 1204 esset
671 1167 710 1204 in
745 1172 872 1204 castra
901 1163 1410 1219 Graecorum,⁷'[respondit,]

62 1231 77 1251 ‘¹
92 1231 233 1269 Persas
249 1242 403 1282 quoque
423 1229 595 1281 periculo
629 1230 787 1280 vulgato
826 1232 1066 1269 secuturos.’'
1141 1232 1167 1249 ²²
1185 1231 1412 1270 Destinatus

65 1294 161 1332 uerti
181 1307 272 1342 suae,
294 1298 333 1331 et
363 1295 444 1343 jam
472 1292 618 1331 nullius
653 1293 818 1331 salubris
839 1294 990 1331 consilii
1018 1294 1181 1345 patiens,
1202 1295 1353 1332 unicam
1376 1295 1411 1331 in

65 1356 134 1394 illa
153 1357 310 1394 fortuna
330 1369 452 1407 opem,
469 1356 719 1404 Artabazum,
738 1356 918 1394 ultimum
941 1357 1051 1395 illum
1069 1357 1233 1406 visurus,
1254 1358 1411 1408 amplec-

68 1419 183 1469 titur3
215 1419 496 1470 ¹'profusisque
528 1419 673 1457 mutuis
702 1419 894 1470 lacrymis,
915 1419 1164 1458 inhaerentem
1192 1420 1267 1459 sibi
1299 1420 1413 1458 avelli

75 1482 213 1532 jubet:
243 1482 366 1532 capite
400 1481 542 1520 deinde
575 1482 701 1520 velato
733 1495 781 1520 ne
801 1483 902 1521 inter
933 1483 1102 1534 gemitus
1133 1483 1413 1534 digredientem

68 1545 176 1583 velut
205 1558 228 1582 a.
256 1557 348 1594 rogo
380 1544 608 1592 intueretur,
637 1544 677 1581 in
705 1544 864 1582 humum
895 1558 1058 1595 pronum
1091 1559 1227 1596 corpus
1260 1546 1410 1596 abjecit.

69 1607 169 1646 Tum
201 1608 292 1645 vero
326 1606 511 1644 custodiae
543 1607 627 1656 ejus
660 1607 816 1654 assueti,
846 1612 941 1658 quos
964 1607 1091 1658 -Regis
1119 1608 1283 1646 salutem
1311 1608 1336 1626 ¹⁴
1350 1608 1413 1647 vel

68 1670 236 1722 periculo
255 1669 349 1708 vitae
377 1669 479 1707 tueri
509 1669 723 1720 oportebat,
744 1669 883 1720 dilapsi
903 1679 1004 1719 sunt,
1025 1671 1180 1708 armatis
1209 1683 1305 1722 quos
1334 1672 1413 1721 jam

68 1733 275 1772 adventare
295 1732 503 1770 credebant
520 1732 624 1770 haud
643 1733 719 1770 rati
738 1745 778 1770 se
798 1733 950 1770 futuros
969 1746 1089 1783 pareS.
1161 1732 1305 1784 Ingens
1325 1734 1413 1784 ergo

68 1797 107 1834 in
141 1795 387 1834 tabernaculo
418 1794 585 1832 solitudo
619 1799 712 1843 erat,
750 1795 882 1845 paucis
919 1795 1165 1846 spadonibus,
1200 1796 1306 1847 (quia
1338 1797 1414 1847 quo

69 1859 310 1898 discederent
328 1871 403 1896 non
432 1857 641 1909 habebant)
663 1858 1003 1897 circumstantibus
1034 1859 1191 1910 Regem.
1250 1860 1308 1896 At
1336 1859 1412 1907 ille,

69 1923 227 1961 remotis
246 1921 415 1970 arbitris,
437 1921 508 1960 dia
526 1921 633 1960 aliud
663 1927 778 1973 atque
809 1922 915 1960 aliud
947 1923 1148 1961 consilium
1168 1923 1292 1961 animo
1313 1923 1412 1961 volu-

71 1986 187 2024 tabat.
259 1985 427 2037 Jamque
461 1984 720 2034 solitudinem,
758 1986 875 2037 quam
906 1986 1020 2036 paulo
1059 1989 1150 2024 ante
1179 1999 1247 2036 pro
1279 1986 1415 2024 solatio

70 2049 272 2099 petiverat,
301 2061 473 2099 perosus,
511 2046 709 2087 Bubacem
745 2049 874 2087 vocari
916 2049 1052 2099 jubet;
1098 2062 1213 2100 quern
1249 2049 1414 2096 intuens,

73 2114 94 2133 “
111 2111 208 2158 Ite,”
228 2111 365 2162 inquit,
387 2111 613 2149 “consulite
633 2111 768 2161 vobis;
800 2111 849 2149 ad
876 2111 1058 2150 ultimum
1086 2112 1189 2163 Regi
1207 2118 1336 2151 vestro
1357 2112 1417 2160 (ut

74 2173 253 2223 decebat)
290 2173 365 2212 fide
401 2173 585 2212 exhibita.
662 2173 748 2225 Ego
785 2174 850 2212 hio
888 2174 1011 2225 legem
1039 2175 1112 2213 fati
1139 2175 1214 2213 mei
1245 2180 1412 2225 expecto.

75 2236 258 2275 Forsitan
301 2236 464 2285 mireris,
501 2236 603 2288 qued
640 2237 760 2274 vitam
805 2250 880 2275 non
917 2238 1067 2276 finiam:
1110 2237 1234 2276 alieno
1273 2237 1416 2274 scelere

75 2301 192 2352 quam
211 2312 294 2337 meo
315 2298 412 2337 mori
430 2299 566 2338 malo.''
624 2300 722 2338 Post
751 2300 848 2338 hanc
879 2314 1021 2349 vocem,
1042 2301 1159 2352 spado
1179 2300 1324 2352 gemitu
1343 2311 1417 2335 non

76 2363 189 2404 modo
224 2362 520 2410 tabernaculum,
552 2362 621 2401 sed
655 2363 770 2402 ctiam
803 2369 928 2402 castra
960 2364 1177 2415 complevit.
1235 2363 1417 2412 Irrupcrc
