1583 2680
175 139 245 174 124
633 149 817 181 QUINTI
857 148 1041 174 cun‘rn

168 246 315 279 montes
362 245 652 292 occupaverunt.
728 241 928 291 Praerupta
963 252 1078 290 rupes
1124 245 1217 288 erat,
1254 241 1332 291 qua
1362 245 1510 290 spectat

171 305 431 344 Occidentem.
491 305 650 352 Eadem,
683 305 760 355 qua
779 304 905 355 vergit
935 303 984 341 ad
1017 303 1229 352 Orientem,
1249 303 1396 342 leniore
1425 305 1508 343 sub-

166 368 282 405 missa
300 368 468 419 fastigio,
497 368 630 405 multis
664 367 863 405 arboribus
884 367 1018 416 obsita,
1048 379 1252 417 perennem
1285 367 1401 405 habet
1428 368 1508 405 fon-

168 436 255 480 tem,
293 444 340 469 ex
376 444 450 482 quo
488 431 603 482 largae
641 444 750 482 aquae
779 435 945 468 manant.
1006 429 1201 468 Circuitus
1239 432 1320 479 ejus
1348 431 1510 482 triginta

167 498 206 531 et
236 494 311 532 duo
342 494 469 532 stadia
499 493 796 544 comprehendit.
855 493 905 531 In
936 493 1081 531 vertice
1113 493 1295 532 herbidus
1327 506 1506 544 campus:

166 557 206 594 in
236 557 307 595 hoc
339 557 629 595 multitudinem
657 557 850 595 imbellem
880 556 1077 594 considere
1101 556 1250 606 jubent.
1308 556 1403 606 Ipsi,
1431 558 1509 606 qua¹

168 633 282 670 rupes
316 621 495 669 desierat,
527 620 706 659 arborum
736 625 892 657 truncos
920 625 959 657 et
988 632 1080 657 saxa
1100 619 1369 657 obmoliuntur.
1392 619 1508 657 XIII

165 683 285 720 millia
305 688 448 721 armata
468 687 587 721 erant.

248 748 303 784 17.
337 746 385 784 In
404 759 566 797 quorum
586 745 783 784 obsidione
815 745 974 784 Cratero
1001 745 1149 792 relicto,
1178 745 1259 795 ipse
1292 745 1506 782 Satibarza-

162 821 249 846 uem
280 809 388 859 sequi
420 809 590 846 festinat.
657 807 712 844 Et
742 808 831 858 quia
862 807 1056 857 ¹*longius
1087 820 1175 844 eum
1209 808 1341 845 abesse
1372 820 1507 858 cogno-

162 877 282 919 verat,
304 872 352 908 ad
379 870 653 922 expugnandos
687 883 751 908 eos
779 870 846 921 qui
876 870 980 908 edita
1013 870 1202 908 montium
1222 875 1506 921 occupaverant,

164 935 274 972 redit.
333 935 356 952 ¹⁵
371 934 432 972 Ae
451 935 574 985 primo
594 934 794 985 repurgari
810 933 932 984 jubet,
961 933 1145 985 quicquid
1159 933 1308 985 ingredi
1327 939 1505 984 possent:

164 998 314 1046 deinde,
353 1003 397 1036 ut
441 998 693 1037 occurrebant
738 998 854 1036 inviae
890 1002 1006 1046 cotes,
1044 1002 1322 1049 praeruptaeque
1368 1011 1504 1048 rupes3

161 1062 296 1099 irritus
327 1062 435 1100 labor
454 1062 671 1109 videbatur,
693 1061 872 1099 obstante
891 1063 1043 1116 natura.
1112 1061 1200 1108 Ille,
1221 1065 1266 1098 ut
1285 1065 1369 1098 erat
1390 1061 1416 1079 ²⁶
1430 1061 1505 1098 ani-

160 1126 214 1162 mi
234 1138 383 1175 semper
403 1124 633 1162 obluetantis
649 1124 951 1172 difficultatibus,
965 1125 1054 1161 cnm
1074 1129 1112 1161 et
1130 1123 1311 1175 progredi
1330 1124 1504 1173 arduum,

162 1193 199 1225 et
231 1189 373 1226 reverti
405 1187 662 1238 periculosum
696 1193 809 1237 esset,
841 1187 1020 1225 versabat
1053 1200 1093 1225 se
1125 1186 1173 1224 ad
1207 1200 1337 1224 omncs
1366 1188 1504 1239 eogita-

162 1252 295 1299 tiones,
316 1251 422 1289 aliud
453 1257 566 1302 atque
587 1251 693 1288 aliud
713 1251 784 1300 (ita
810 1256 856 1288 ut
885 1251 967 1288 fieri
988 1251 1097 1299 solet,
1118 1250 1184 1288 ubi
1203 1251 1326 1300 prima
1344 1265 1504 1302 quaeque

161 1314 398 1365 damnamus)
439 1314 667 1364 subjiciente
709 1314 859 1351 animo:
907 1313 1115 1361 haesitanti,
1154 1314 1258 1364 quod
1295 1314 1392 1352 ratio
1429 1327 1505 1352 non

160 1377 298 1428 potuit,
327 1378 483 1415 fortuna
515 1377 716 1415 consilium
750 1377 1067 1415 subministravit.
1125 1377 1345 1415 Vehemens
1384 1377 1504 1416 Favo-

159 1441 245 1478 nius
279 1445 370 1488 erat,
393 1445 430 1478 et
463 1441 624 1478 multam
656 1440 856 1478 materiam
890 1440 1077 1478 ceciderat
1107 1440 1230 1487 miles,
1260 1441 1408 1478 aditum
1437 1455 1504 1491 per

160 1516 252 1541 saxa
271 1504 436 1541 molitus,
496 1503 594 1541 Haec
615 1516 755 1553 vapore
775 1503 923 1540 torrida
943 1503 1146 1540 inaruerat.
1206 1503 1311 1553 Ergo
1332 1505 1504 1554 aggerari

158 1567 252 1604 alias
290 1567 444 1605 arbores
469 1566 593 1616 jubet,
633 1571 672 1603 et
711 1567 735 1584 ¹⁷
751 1566 832 1617 igni
870 1566 961 1604 dare
1000 1566 1204 1604 alimenta:
1253 1567 1503 1619 celeriterque

158 1630 354 1679 stipitibus
387 1630 605 1678 cumulatis,
639 1630 837 1681 fastigium
869 1630 1010 1667 montis
1043 1635 1235 1681 aequatum
1266 1636 1335 1668 est.
1395 1631 1504 1670 Tunc

157 1693 325 1744 undique
346 1694 446 1745 ignis
478 1694 642 1743 injectus
664 1698 801 1730 cuneta
834 1693 1144 1743 comprehendit:
1171 1694 1360 1731 flammam
1379 1695 1418 1732 in
1438 1708 1503 1733 ora

157 1757 324 1794 hostium
360 1762 498 1795 ventus
532 1756 705 1794 ferebat:
747 1756 876 1793 fumus
907 1756 1040 1806 ingens
1071 1756 1178 1794 velut
1208 1757 1373 1807 quadam
1401 1757 1502 1796 nube

158 1820 411 1858 absconderat
430 1820 578 1857 coelum.
638 1819 835 1857 Sonabant
859 1819 1034 1856 incendio
1055 1819 1186 1868 sylvae,
1207 1824 1321 1870 atque
1350 1833 1392 1857 ea
1411 1834 1501 1871 quo-

156 1897 239 1934 que,
259 1897 343 1934 quae
362 1895 434 1920 non
467 1882 688 1920 incenderat
718 1881 840 1928 miles,
863 1886 1046 1931 concepto
1078 1882 1164 1931 igue
1198 1882 1373 1932 proxima
1403 1897 1499 1934 quae-

157 1961 230 1997 quc
265 1946 490 1984 adm-ebant.
559 1944 723 1983 Barbari
755 1944 1029 1994 suppliciorum
1066 1944 1292 1992 ¹⁸ultimum,
1335 1947 1358 1963 ¹⁹
1373 1946 1405 1983 si
1425 1949 1499 1998 qud

158 2009 471 2046 intermoreretur
492 2008 600 2058 ignis,
619 2009 784 2057 effugere
815 2007 1039 2044 tentabant:
1071 2007 1137 2044 sed
1167 2008 1242 2057 qua
1271 2008 1420 2046 flamma
1440 2010 1498 2047 de-

157 2071 267 2108 derat
298 2071 433 2119 locum,
455 2071 576 2109 hostis
597 2071 782 2108 obstabat.
855 2070 978 2107 Varia
1011 2070 1125 2119 igitur
1159 2071 1265 2108 clade
1286 2073 1499 2123 consumpti

157 2140 257 2173 sunt.
315 2134 397 2171 Alii
431 2135 468 2171 in
499 2134 644 2171 medios
675 2134 793 2184 ignes,
815 2133 880 2170 alii
902 2133 938 2169 in
973 2139 1101 2182 petras
1122 2134 1409 2184 praeeipitavere
1430 2148 1498 2173 se:

155 2197 310 2248 quidam
345 2197 521 2234 manibus
555 2197 721 2234 hostium
753 2210 792 2233 se
824 2195 1067 2233 obtulerunt:
1097 2196 1218 2246 pauci,
1241 2197 1497 2235 semiustulati

154 2263 291 2298 venere
313 2261 349 2296 in
371 2265 611 2310 potestatem.

241 2326 293 2360 18.
328 2323 429 2360 IIinc
464 2323 511 2359 ad
546 2322 758 2366 Craterum,
780 2322 844 2372 qui
879 2323 1092 2359 Artacacna
1126 2323 1336 2371 obsidebat,
1367 2324 1493 2362 rediit.

154 2385 240 2433 Ille,
262 2386 437 2424 omnibus
458 2386 693 2435 praeparatis,
716 2386 835 2435 Regis
865 2386 1113 2435 exspectabat
1141 2386 1358 2434 adventum,
1375 2388 1401 2405 ²⁰
1413 2401 1493 2437 cap-

155 2455 202 2487 tae
235 2450 342 2487 urbis
376 2449 489 2486 titulo
522 2449 638 2496 (sieut
672 2462 739 2498 par
772 2450 870 2493 erat)
901 2449 1048 2486 cedens.
1110 2449 1236 2498 Igitur
1272 2449 1489 2488 Alexander
