1583 2680
122 114 172 150 55
581 125 763 157 QUINTI
801 123 986 151 cururn

200 215 275 254 IX.
307 219 366 254 33.
398 217 455 254 At
475 217 616 254 Darius
636 218 725 254 eum
745 217 791 255 ab
808 216 981 268 AEgypto
1001 216 1204 254 divertisse
1224 217 1263 254 in
1282 216 1459 254 Africam

122 277 268 316 hostem
289 280 544 329 comperisset,
563 280 818 326 dubitaverat,
834 284 1014 317 utrumne
1028 279 1128 317 eirca.
1143 279 1460 330 Mesopotamiam

121 341 385 390 ¹subsisteret,
407 356 453 379 an
473 343 656 379 interiora
682 342 790 391 regni
817 342 878 378 sui
905 347 1077 392 peteret,
1107 343 1235 380 '‘'haud
1263 343 1378 381 dubie
1397 356 1446 393 po

120 405 262 442 tentior
275 411 408 442 auctor
421 418 588 455 praesens
607 405 759 441 futurus
775 405 923 442 ultimis
937 406 1117 456 gentibus
1133 405 1295 456 impigre
1316 406 1460 444 bellum

120 468 352 517 capessendi,
374 481 467 519 quas
486 468 586 518 aegre
607 480 675 517 per
704 467 918 505 Praefectos
939 481 1028 506 suos
1046 469 1285 507 moliebatur.
1342 469 1354 485 ³
1369 468 1458 516 Sed,

119 534 164 567 ut
183 530 329 568 idoneis
349 531 566 568 auctoribus
582 531 682 567 fama
694 530 876 581 vulgavit,
893 531 1160 569 Alexandrum
1180 545 1265 569 eum
1285 531 1460 569 omnibus

119 593 251 642 copiis,
272 607 548 645 quamcumque
577 594 657 644 ipse
679 593 840 631 adiisset
867 594 1071 646 regionem,
1089 595 1312 645 petiturum,
1332 593 1460 631 'haud

119 656 284 707 ignarus,
314 657 429 707 quam
463 670 548 694 eum
582 662 736 695 strenuo
768 670 830 695 res
863 662 975 706 esset,
1005 658 1130 695 omnia
1165 657 1460 708 longinquarum

117 719 289 769 gentium
313 719 456 756 auxilia
487 719 728 769 Babylonem
758 721 931 758 contrahi
957 721 1086 770 jussit.
1140 720 1350 767 Bactriani,
1372 719 1460 770 Sey-

119 782 282 832 thaeque,
320 788 359 819 et
392 783 480 820 Indi
514 788 780 821 convenerant.
839 784 868 822 J
871 797 932 821 am
965 789 1005 821 et
1037 788 1260 822 caeterarum
1291 783 1460 833 gentium

118 845 236 894 eopiae
253 846 264 862 ⁵
276 845 450 895 partibus
466 846 580 883 simul
595 847 794 884 affuerunt.
855 846 1051 886 Caeterum
1065 848 1155 884 eum
1170 847 1327 884 dimidio
1342 846 1460 884 ferme

117 910 237 957 major
269 913 371 946 esset
403 910 608 958 exereitus,
637 911 754 960 quam
786 910 825 948 in
861 910 999 949 Cilicia
1032 911 1168 958 fuerat,
1188 909 1324 947 multis
1356 922 1462 946 arma

118 970 297 1020 deerant;
328 985 414 1026 quae
433 974 581 1009 summa
601 975 694 1010 cura
722 973 1051 1023 comparabantur.
1110 973 1320 1024 Equitibus
1340 972 1460 1024 equis-

116 1046 188 1083 que
210 1039 432 1084 tegumenta
452 1040 562 1072 erant
577 1049 625 1073 ex
639 1036 774 1073 ferreis
793 1036 954 1084 laminis,
972 1037 1069 1074 serie
1089 1036 1189 1073 inter
1205 1049 1245 1073 se
1265 1035 1456 1073 connexis.

116 1095 128 1112 ⁶
144 1095 262 1141 Queis
282 1098 395 1134 antea
415 1102 556 1147 praeter
571 1097 700 1147 jacula
717 1098 815 1135 nihil
835 1098 1003 1145 dederat,
1021 1103 1130 1136 scuta
1148 1098 1343 1149 gladiique
1364 1098 1458 1147 adji-

117 1159 336 1197 ciebantur:
366 1173 622 1211 equorumque
643 1161 847 1199 ‘domandi
873 1175 1008 1213 greges
1036 1162 1231 1212 peditibus
1260 1160 1460 1199 distributi

118 1227 228 1259 sunt:
258 1228 303 1259 ut
321 1224 444 1272 major
462 1223 623 1273 pristino
638 1229 740 1262 esset
759 1225 971 1275 equitatus,
994 1225 1212 1276 ingensque,
1228 1230 1273 1262 ut
1292 1224 1460 1262 eredide-

117 1290 192 1333 rat,
213 1290 336 1323 terror
355 1286 534 1334 hostium,
557 1287 729 1325 ducentae
748 1288 898 1326 faleatoe
926 1288 938 1305 ⁸
951 1288 1155 1339 quadrigae,
1177 1290 1189 1307 ⁹
1202 1289 1357 1326 unicum
1376 1287 1456 1324 illa-

118 1362 201 1385 rum
221 1349 392 1399 gentium
414 1350 612 1396 auxilium,
634 1356 775 1389 seeutae
795 1357 894 1389 sunt.
954 1351 1018 1389 Ex
1039 1365 1186 1390 summo
1206 1357 1357 1390 temone
1377 1350 1458 1387 has-

120 1417 169 1449 tae
187 1413 353 1461 praefixae
373 1413 473 1451 ferro
494 1413 724 1451 eminebant.
780 1414 986 1466 Utrimque
1006 1428 1028 1452 a
1051 1416 1145 1466 jugo
1165 1420 1291 1453 ternos
1311 1415 1458 1452 direxe-

118 1480 205 1512 rant
223 1475 370 1525 gladios
387 1489 394 1525 ;
426 1481 465 1513 et
484 1476 583 1514 inter
602 1477 729 1514 radios
748 1482 919 1515 rotarum
946 1478 1058 1528 plura
1077 1478 1224 1528 spicula
1243 1477 1460 1515 eminebant

118 1537 157 1574 in
176 1537 388 1576 adversum.
446 1539 548 1577 Aliae
569 1539 708 1577 deinde
735 1540 852 1578 falces
874 1541 899 1558 ¹⁰
912 1541 1070 1578 summis
1099 1546 1272 1578 rotarum
1299 1539 1460 1579 orbibus

118 1600 322 1650 haerebant,
343 1607 381 1638 et
403 1603 425 1619 ¹¹
442 1602 528 1640 aliae
548 1603 587 1639 in
606 1608 746 1640 terram
775 1603 961 1652 demissae,
982 1603 1172 1655 quidquid
1200 1604 1356 1642 obvium
1375 1617 1460 1642 con-

118 1664 245 1701 citatis
265 1665 372 1715 equis
391 1665 542 1713 fuisset,
563 1671 829 1716 amputaturae.

197 1731 257 1765 34.
292 1728 379 1766 Hoc
400 1729 510 1767 modo
531 1730 720 1767 instructo
741 1730 927 1778 exercitu,
948 1743 991 1767 ae
1010 1735 1237 1780 perarmato,
1259 1730 1460 1780 Babylone

117 1791 245 1841 copias
264 1791 393 1829 movit.
452 1792 490 1829 A
509 1797 617 1841 parte
637 1792 775 1829 dextra
811 1798 893 1830 erat
925 1793 1051 1843 Tigris
1085 1793 1266 1831 ¹²nobilis
1296 1793 1458 1832 fluvius:

118 1854 252 1892 laevam
280 1854 435 1905 tegebat
465 1854 708 1904 Euphrates:
738 1868 874 1906 agmen
904 1855 1194 1905 Mesopotamia:
1223 1869 1373 1906 campos
1394 1857 1459 1895 im-

118 1917 300 1967 pleverat.
360 1917 468 1969 Tigri
499 1917 638 1955 deinde
670 1923 858 1968 superato,
878 1920 966 1956 cum
994 1919 1168 1957 audisset
1198 1919 1299 1957 haud
1327 1921 1459 1970 procul

119 1981 248 2018 abesse
281 1981 442 2029 hostem,
487 1981 730 2032 Satropatem
764 1981 936 2033 equitum
980 1982 1203 2032 praefectum
1235 1995 1322 2020 cum
1354 1983 1459 2021 mille

119 2044 278 2082 delectis
298 2045 496 2094 praemisit,
519 2044 663 2083 Mazaeo
685 2045 852 2083 Praetori
871 2058 940 2083 sex
960 2045 1081 2082 millia
1102 2045 1203 2093 data,
1219 2046 1359 2097 quibus
1378 2046 1459 2084 hos-

119 2113 194 2145 tem
210 2107 375 2145 transitu
394 2108 515 2145 amnis
535 2113 692 2146 arceret.
751 2108 773 2125 ¹³
787 2108 924 2146 Eidem
944 2108 1178 2156 mandatum,
1194 2115 1238 2146 ut
1253 2110 1458 2160 regionem,

118 2184 230 2222 quam
265 2170 488 2208 Alexander
522 2177 623 2208 esset
655 2171 840 2219 aditurus,
873 2171 1134 2221 popularetur,
1163 2177 1277 2223 atque
1309 2178 1457 2211 ureret:

117 2233 257 2285 quippe
290 2234 482 2281 credebat,
505 2234 632 2284 inopia
662 2234 847 2272 debellari
876 2248 985 2285 posse
1015 2235 1109 2273 nihil
1140 2235 1354 2284 habentem,
1384 2236 1459 2274 nisi

119 2297 218 2348 quod
239 2297 421 2347 rapiendo
443 2300 679 2347 occupasset.
739 2297 821 2348 Ipsi
842 2303 969 2335 autem
997 2304 1240 2346 commeatus,
1262 2299 1328 2337 alii
1347 2302 1458 2347 terra,

121 2351 184 2398 al'ii
215 2360 322 2412 Tigri
356 2374 463 2397 nume
494 2361 813 2398 subvelwbantur.
872 2361 962 2399 -Jam
998 2369 1222 2411 pervenerat
1242 2363 1389 2401 Arbela
1406 2362 1458 2400 vi·

122 2424 524 2468 :u111,¹'nobilcmsu;i
558 2424 664 2461 clmle
686 2425 867 2461 facturus.
931 2425 1006 2462 llic.
1039 2431 1318 2465 wnuneatuum
1347 2426 1456 2464 sarci-
