1583 2680
1334 159 1380 172 ‚un

436 171 600 196 LIBER
642 171 709 195 1v.
754 169 866 195 CAP.
909 169 991 194 XV.
1337 168 1381 194 lo

46 264 190 318 primus
217 263 268 305 ‚in
305 262 506 300 Persidem
543 262 685 311 intulit,
715 262 906 301 vindicate
943 261 990 299 ab
1026 261 1163 299 ultimo
1197 260 1380 298 dedecore

45 340 183 367 nomen
214 330 439 377 gentemque
474 326 691 363 Persarum.
749 325 812 364 Ite
849 325 992 363 alacres
1029 329 1068 362 et
1096 337 1161 375 spe
1194 324 1308 374 pleni,
1338 329 1382 361 ut

45 405 158 444 quam
189 390 350 441 gloriam
380 389 583 444 *accepistis
616 403 638 427 a
669 389 877 439 majoribus
896 387 1047 436 vestris,
1076 387 1240 438 posteris
1272 387 1384 424 relin-

45 454 183 506 quatis.
242 453 291 491 In
311 452 459 489 dextris
479 453 619 490 vestris
643 453 724 502 jam
745 451 974 499 libertatem,
996 463 1116 501 opem,
1138 463 1244 500 spem
1262 449 1384 487 futuri

47 515 228 566 temporis
262 514 407 565 geritiS.
479 514 630 565 Effugit
666 519 838 562 mortem,
877 513 1049 565 quisquis
1087 513 1382 563 contempserit:

48 578 333 616 timidissimum
365 590 552 628 quemque
586 577 839 628 consequitur.
910 576 1000 627 Ipse
1027 589 1102 614 non
1128 576 1253 626 patrio
1281 588 1383 612 more

47 641 183 689 schim,
204 640 272 678 sed
302 640 419 677 etiam
448 645 493 677 ut
526 640 694 690 conspici
726 639 880 690 possim,
900 652 1016 677 curru
1042 638 1170 678 vehor.
1231 637 1267 675 N
1273 650 1313 675 cc
1333 651 1382 674 rc-

46 717 137 742 euso
155 703 356 755 quominus
376 703 578 740 imitemini
598 717 670 751 me,
690 703 770 741 sive
789 702 1027 741 fortitudinis
1047 701 1272 752 exemplum,
1304 701 1383 738 sive

48 767 208 818 ignaviae
227 766 374 804 fuer0.⁷’

128 829 219 868 XV.
250 831 311 867 56.
343 829 507 867 Interim
527 829 761 877 Alexander,
781 834 827 866 ut
845 833 885 866 et
904 828 1205 866 demonstratum
1225 839 1247 864 a
1265 830 1383 863 trans-

47 894 141 944 fuga
160 892 388 930 insidiarum
407 891 532 929 locum
552 892 778 939 circumiret,
800 896 840 929 et
867 891 998 938 Dario,
1019 890 1085 942 qui
1113 890 1252 928 laevum
1268 901 1385 926 cornu

47 956 227 994 tuebatur
247 960 474 1002 occurreret,
496 955 506 972 ¹
523 967 656 1005 agmen
675 955 873 1005 obliquum
892 954 1066 991 incedere
1082 953 1203 1002 jubet.
1243 951 1384 989 Darius

46 1031 196 1071 quoque
227 1017 360 1055 cedem
393 1018 533 1054 ³suum
560 1017 744 1064 obvertit,
781 1017 903 1054 Besso
932 1016 1138 1063 admonito,
1166 1020 1212 1052 ut
1241 1013 1384 1051 Massa-

45 1086 152 1133 getas
171 1079 319 1131 equites
350 1078 390 1116 in
419 1078 558 1116 laevum
578 1077 794 1115 Alexandri
814 1090 931 1115 cornu
951 1091 972 1114 a
992 1077 1113 1114 latere
1133 1076 1262 1114 invehi
1277 1075 1385 1125 jube-

46 1149 117 1182 ret.
175 1143 266 1193 Ipse
295 1146 383 1179 ante
417 1153 457 1179 se
490 1140 652 1178 falcatos
671 1153 806 1178 currus
832 1139 1010 1187 habebat,
1030 1151 1126 1190 quos
1157 1139 1265 1189 signo
1295 1138 1384 1175 dato

46 1206 244 1245 universos
263 1205 302 1243 in
322 1204 470 1242 hostem
489 1203 635 1241 effudit.
691 1202 875 1241 Ruebant
892 1202 1032 1240 laxatis
1051 1201 1210 1240 habenis
1229 1201 1383 1251 aurigae,

46 1270 120 1322 quo
149 1267 482 1320 plureS‚nond1‘1m
502 1267 596 1305 satis
625 1267 778 1317 proviso
806 1266 964 1316 impetu,
985 1265 1214 1304 obtererent.
1272 1265 1384 1302 Alios

48 1333 136 1383 ergo
156 1332 274 1369 hastae
292 1330 459 1368 multum
473 1329 576 1368 ultra
595 1334 782 1367 temonem
802 1325 1022 1376 eminentes,
1042 1328 1137 1366 alios
1156 1327 1204 1366 ab
1222 1331 1384 1378 utroque

46 1395 166 1432 latere
203 1393 378 1431 demissa>
414 1392 529 1431 falces
561 1392 789 1430 laceravere.
865 1391 949 1429 Nec
982 1392 1126 1429 sensim
1154 1389 1384 1428 Macedones

47 1457 242 1504 cedebant,
264 1455 331 1493 sed
350 1455 472 1493 effusa.
499 1454 752 1493 turbaverant
770 1455 862 1505 fuga
881 1453 1045 1492 ordines.
1101 1453 1270 1491 Mazaeus
1297 1465 1384 1504 quo-

46 1534 120 1572 que
152 1519 338 1570 perculsis
370 1523 516 1556 metum
541 1518 715 1565 incussit,
735 1517 841 1555 mille
872 1517 1065 1568 equitibus
1094 1516 1143 1554 ad
1171 1516 1385 1566 diripienda.

47 1583 168 1620 hostis
187 1581 460 1631 impedimenta
478 1579 710 1618 circumvehi
734 1579 853 1629 jussis
871 1592 879 1617 :
907 1584 1014 1630 ratus
1033 1579 1203 1628 captivos
1221 1591 1383 1629 quoque,

46 1645 113 1696 qui
144 1643 260 1682 simul
291 1641 595 1689 asservabantur,
626 1646 807 1691 rupturos
825 1640 988 1688 vincula,
1017 1641 1107 1678 edm
1139 1653 1227 1678 suos
1255 1653 1384 1690 appro-

46 1709 274 1760 pinquantes
292 1705 490 1745 vidissent.
547 1705 664 1743 ε’Νοῑι
693 1704 886 1742 fefellerat
917 1703 1220 1751 Parmenionem,
1250 1703 1317 1754 qui
1344 1703 1385 1742 ,in

47 1771 142 1809 laevo
163 1782 280 1808 cornu
299 1773 391 1807 erat.
449 1767 618 1818 Propere
647 1767 768 1818 igitur
796 1766 1076 1817 Polydamanta.
1094 1766 1215 1804 mittit
1234 1766 1282 1803 ad
1311 1765 1383 1804 Re-

46 1847 142 1885 gem,
180 1833 246 1884 qui
283 1837 324 1870 et
366 1831 579 1882 periculum
624 1829 854 1878 ostenderet,
893 1834 932 1867 et
968 1829 1062 1880 quid
1097 1829 1179 1867 fieri
1220 1828 1385 1879 juberet,

47 1896 272 1935 consuleret.
345 1894 433 1943 Ille,
467 1894 600 1932 audito
636 1893 939 1944 Polydamante:
970 1895 992 1914 “
1006 1892 1098 1940 Abi,
1130 1893 1300 1940 nuncia,'’
1331 1893 1384 1930 in-

47 1960 143 2011 quit,
164 1961 185 1980 ‘⁴
199 1957 455 2005 Parmenioni,
485 1957 519 1995 si
551 1957 632 1994 acie
651 1956 866 2004 vicerimus,
898 1968 972 1993 non
1005 1960 1136 1993 nostra
1167 1954 1288 1993 solam
1316 1968 1384 1993 nos

47 2027 347 2072 recuperaturoS,
385 2020 453 2058 sed
489 2019 624 2068 omnia,
660 2031 747 2070 quae
782 2018 951 2056 hostium
996 2022 1086 2055 sunt
1121 2023 1382 2069 occupaturos,

47 2086 60 2103 ⁴
78 2084 246 2123 Proinde
261 2097 337 2122 non
369 2087 429 2121 est
452 2081 556 2133 quod
585 2082 794 2133 quidquam
824 2081 965 2119 virium
1001 2080 1190 2119 subducat
1217 2094 1264 2119 ex
1293 2083 1383 2128 acic,

49 2147 128 2195 sed,
148 2152 193 2184 ut
212 2159 272 2184 me
291 2151 330 2184 et
360 2145 545 2195 Philippo
562 2149 672 2195 patre
703 2144 859 2194 dignum
889 2149 960 2191 est,
980 2148 1196 2194 contempto
1226 2145 1383 2183 sarcina-

49 2224 134 2249 rum
154 2209 303 2256 damno,
322 2207 475 2246 fortiter
494 2207 687 2244 dimicet.”
742 2206 905 2244 Interim
933 2206 1097 2245 Barbari
1115 2206 1383 2257 impedimenta

49 2273 309 2319 turbaverant,
345 2271 526 2321 caesisque
556 2269 749 2321 plerisque
786 2269 999 2320 custodum,
1036 2269 1190 2319 captivi,
1223 2270 1384 2307 vinculis

49 2336 184 2386 ruptis,
203 2333 390 2386 quidquid
409 2333 563 2372 obvium
582 2338 674 2381 erat,
694 2346 768 2384 quo
788 2333 926 2371 armari
952 2339 1119 2383 possent,
1139 2333 1317 2381 rapiunt:
1347 2338 1385 2369 ct

51 2397 249 2450 aggregati
267 2410 423 2435 suorum
443 2396 648 2447 equitibus,
669 2396 899 2435 Macedonas
926 2396 1083 2446 ancipiti
1110 2395 1384 2434 circumventos

50 2461 149 2499 malo
169 2460 380 2510 invadunt3
412 2459 591 2510 ⁶laetiquc
621 2459 722 2498 circa.
755 2459 1024 2510 Sisygambim,
1043 2459 1180 2498 vicisse
1212 2457 1383 2495 Darium.
