1583 2680
163 121 236 158 110
623 134 806 167 QUINTI
845 134 1027 160 cun'rn

154 226 224 257 rant,
239 225 327 258 parcit
345 225 511 258 Alexander,
525 227 553 252 et
572 225 735 252 Mardorum
755 227 838 260 gente
859 225 1004 258 debellata,
1023 225 1202 252 Amazonicae
1219 226 1363 260 enjusdam
1382 226 1496 259 Regina

153 269 282 301 petitioni
293 269 432 296 satisfacit.

204 312 227 338 6.
246 312 412 338 Macedones
424 313 575 339 Alexandri
586 313 766 339 offenduntur
784 313 916 345 moribus,
929 313 978 345 qui
994 314 1028 338 ut
1043 313 1208 339 seditionem
1225 315 1370 346 averteret,
1388 313 1423 339 ad
1439 313 1498 339 bel-

153 354 214 380 lum
225 356 310 382 Besso
326 357 502 382 inserendum
520 359 646 383 mentem
663 358 809 383 convertit.
829 357 911 387 Quod
927 359 956 382 et
972 358 1166 389 stratagemate
1182 357 1310 383 inchoat:
1327 365 1360 384 ac
1377 357 1499 383 Satibar-

153 406 259 430 zanem,
272 399 346 432 quod
364 400 514 433 defecisset,
527 402 652 433 primum
668 401 865 434 persequitur:
883 400 1021 427 Barbaros
1037 408 1054 426 a
1073 400 1217 427 montibus
1235 401 1344 427 fortiter
1362 401 1497 434 dispellit:

152 441 335 468 Artacacnam
348 446 494 476 expugnat.

201 485 224 511 7.
245 485 473 519 Conjurationem
490 488 519 513 in
532 487 722 513 Alexandrum
734 487 868 520 Dymnus
884 487 1067 519 Nicomacho,
1079 486 1126 513 hie
1142 494 1193 520 per
1209 486 1376 513 Cebalinum
1385 486 1499 515 tratrem

152 527 312 554 Alexandro
323 529 434 562 detegit.
470 530 545 556 Hinc
557 538 633 556 mors
644 531 754 563 Dymni
766 531 813 563 qui
825 532 885 563 ipse
896 530 950 556 sibi
966 537 1066 556 manus
1077 530 1168 556 insert.

202 571 224 597 8.
250 573 415 598 Amicorum
426 574 566 606 regiorum
584 574 698 600 consilio
717 573 844 599 Philotas
855 573 1050 599 Parmenionis
1061 573 1143 605 filius,
1156 573 1352 607 conjurationis
1364 574 1459 598 auctor
1470 574 1499 598 et

153 616 288 648 narticeps
299 617 427 648 creditus
441 618 557 649 capitur,
571 624 603 643 ac
614 617 707 643 velato
720 618 810 650 eapite
821 618 852 643 in
863 618 968 650 regiam
980 617 1135 643 abducitur.

201 659 224 684 9.
243 659 287 684 De
305 661 501 692 conjuratione,
521 661 654 686 adversus
670 660 814 686 Philotam
831 661 1050 694 expostulatoria
1066 660 1220 687 Alexandri
1231 660 1266 686 ad
1286 661 1391 686 milites
1403 661 1498 692 oratio,

157 708 245 727 :oram
257 702 358 734 quibus
370 703 494 729 Philotas
505 704 643 730 adductus
655 704 846 730 defensionem
855 706 940 736 parat.

201 745 240 770 10.
259 745 440 778 Apologetica
452 745 572 771 Philotae
584 747 679 778 oratio,
693 747 747 779 qua
759 747 960 779 conjurationis
972 747 1177 772 accusationem
1189 746 1296 779 prolixe
1307 746 1414 772 refellit.

201 789 240 813 11.
261 788 364 814 Concio
382 796 398 814 a
410 789 532 821 quodam
544 789 649 815 Belone
661 797 774 816 accensa
785 791 815 815 in
828 790 970 816 Philotam
983 791 1080 823 surgit.
1129 790 1158 816 Is
1169 790 1252 822 paulo
1268 792 1339 823 post,
1351 792 1384 816 ut
1395 797 1425 816 se
1436 797 1498 816 cru-

151 831 268 856 ciatibus
292 831 428 863 liberaret,
453 832 525 858 fictae
551 833 751 865 conjurationis
776 833 998 859 circumstantias
1023 834 1113 866 aperit
1138 840 1259 866 cumque
1276 833 1337 860 aliis
1353 835 1402 867 qui
1419 841 1498 860 accu-

150 877 247 900 santur
259 881 275 899 a
285 874 467 907 Nicomacho,
480 876 553 901 saxis
571 875 700 902 obruitur

215 992 240 1023 I.
260 995 287 1023 1.
307 990 527 1034 [ALEm‘nRo
536 991 573 1024 in
587 992 667 1025 Asia
676 992 838 1035 gravibus
847 993 944 1026 bellis
953 997 1126 1038 occupato,
1137 993 1290 1038 plerique
1307 996 1498 1028 Graecorum

150 1045 357 1077 occasionem
368 1045 691 1090 circumspiciebant,
704 1050 771 1091 qua
780 1046 816 1079 in
827 1047 1019 1080 libertatem
1029 1059 1064 1081 se
1076 1053 1279 1081 assererent:
1298 1059 1371 1081 eam
1383 1049 1498 1092 quein-

150 1099 280 1132 venisse
298 1100 481 1133 credebant
503 1100 540 1133 in
562 1100 713 1134 Thraciae
736 1102 895 1141 tumultu,
912 1112 1013 1146 quem
1035 1103 1201 1142 Memnon,
1216 1103 1392 1146 praefectns
1413 1103 1498 1135 mili·

150 1157 232 1193 tum,
249 1153 487 1187 concitaverat.
554 1155 665 1188 Duces
680 1155 800 1188 ceteris
815 1155 1057 1189 Laeedaemonii
1073 1160 1179 1196 erant,
1196 1157 1266 1201 qui,
1281 1160 1353 1190 tota
1369 1157 1498 1191 Graeciiv.

150 1207 358 1250 temporibus
373 1207 549 1249 serviente,
566 1208 627 1241 soli
647 1209 870 1242 Macedonum
892 1209 1111 1243 dominationi
1126 1210 1328 1244 restiterant.
1373 1214 1407 1245 A
1420 1213 1498 1245 Per-

150 1260 195 1294 sis
209 1261 354 1305 pecunia
368 1263 569 1305 sperabatur
583 1263 627 1295 ad
643 1263 838 1306 ampliorem
851 1263 934 1297 belli
947 1275 1052 1297 usum.
1115 1266 1197 1298 cnm
1212 1275 1291 1308 ergo
1305 1265 1497 1310 Antipater,

151 1315 315 1359 quicquid
327 1315 472 1348 militum
486 1317 647 1357 habebat,
662 1317 699 1350 in
713 1317 893 1350 Thraciam
908 1317 1064 1358 duxisset,
1080 1323 1206 1352 motum
1222 1330 1332 1363 nuper
1347 1324 1499 1352 exortum

152 1380 383 1413 oppressurus,
419 1370 665 1414 Peloponnesii,
703 1371 854 1415 exceptis
885 1372 1012 1416 paucis,
1049 1373 1138 1405 bello
1175 1374 1376 1406 Macedonas
1404 1373 1499 1408 inva-

151 1424 247 1463 dunt,
270 1423 387 1466 Agidi,
417 1424 745 1458 Lacedaemoniorum
759 1425 843 1468 regi,
858 1437 1020 1459 summam
1047 1425 1182 1470 imperii
1205 1427 1409 1481 deferentes
1425 1429 1499 1467 Quo

152 1477 278 1517 audito,
307 1477 500 1521 Antipater,
529 1482 714 1523 utcumque
742 1479 865 1522 potuit,
895 1490 948 1512 res
977 1479 1014 1512 in
1035 1480 1179 1513 Tin-acia
1201 1492 1411 1524 componens,
1442 1483 1499 1516 ad-

150 1543 266 1564 versus
290 1533 422 1565 Graecos
444 1532 679 1576 proficiscitur,
704 1533 764 1577 qui
786 1533 966 1578 nescioqua
989 1537 1103 1578 pugna.
1125 1534 1250 1575 confisi,
1265 1535 1499 1580 Megalopolim

151 1585 324 1619 obsidione
339 1586 524 1626 cinxerant,
541 1590 576 1619 et
593 1587 666 1631 jam
680 1587 716 1620 in
733 1599 771 1621 eo
788 1591 869 1628 erat,
884 1592 926 1621 ut
951 1592 1112 1633 caperent
1125 1588 1298 1633 oppidum,
1314 1592 1390 1623 eum
1403 1591 1500 1624 Anti-

151 1644 248 1683 pater
264 1651 305 1672 ex
318 1640 516 1673 Macedonia
538 1641 742 1685 supervenit
804 1641 986 1686 Utrimque
1002 1643 1127 1676 acriter
1140 1647 1322 1688 pugnatur,
1339 1648 1374 1677 et
1395 1656 1500 1689 quan·

152 1705 253 1737 quam
275 1694 368 1727 locus
382 1695 593 1735 Macedonas,
610 1695 670 1739 qui
684 1706 822 1728 numero
837 1697 1076 1739 praevalebant,
1092 1708 1160 1730 non
1181 1697 1348 1741 capiebat,
1363 1698 1500 1731 irruunt

151 1752 273 1788 tamen,
290 1752 422 1791 urgent,
439 1749 557 1782 cedere
573 1753 706 1792 eogunt-
767 1751 865 1788 Quod
879 1750 940 1783 ubi
953 1750 1037 1793 Agis
1052 1751 1234 1795 conspexit,
1249 1756 1289 1785 ut
1302 1751 1498 1786 inclinatam

151 1814 287 1835 suorum
317 1802 424 1835 aciem
452 1803 614 1842 firmaret,
646 1803 738 1836 illico
763 1814 838 1836 cum
867 1803 960 1846 regia
983 1805 1129 1844 cohorte,
1153 1816 1227 1849 quae
1250 1816 1291 1839 ex
1311 1806 1498 1841 lectissimis

152 1857 337 1896 constabat,
353 1867 388 1889 sc
402 1855 438 1888 in
459 1855 623 1901 medium]

654 1923 817 1974 'pugnae
837 1922 1042 1961 discrimen
1061 1924 1073 1942 ²
1088 1924 1269 1963 immisit:
1299 1926 1498 1965 obtrunca-

153 1985 279 2035 tisque
312 1985 378 2036 qui
407 1985 628 2036 promptiils
660 1985 903 2034 resistebant,
934 2000 1111 2038 magnam
1144 1993 1293 2039 partem
1329 1989 1498 2029 hostium

152 2047 330 2098 propulit.
391 2048 598 2099 Coeperant
616 2048 749 2100 fugere
769 2049 944 2098 victores,
966 2055 1016 2098 ct,
1031 2050 1150 2090 donec
1170 2052 1324 2091 avidius
1343 2066 1500 2106 sequen·

153 2116 211 2148 tes
245 2111 282 2147 in
313 2110 469 2161 planum
503 2111 709 2160 deduxere,
743 2112 856 2150 multi
889 2113 1087 2152 cadebant.
1146 2115 1224 2154 Sed
1252 2121 1298 2154 ut
1329 2117 1498 2168 primum

153 2174 258 2213 locus
279 2174 317 2211 in
337 2187 410 2225 quo
432 2179 534 2212 stare
565 2179 722 2226 possent
751 2175 837 2225 fuit,
856 2177 977 2228 aequis
996 2178 1144 2217 viribus
1174 2179 1398 2219 dimicatum
1425 2186 1486 2222 est

154 2237 263 2276 Iutcr
283 2250 414 2275 omncs
446 2242 573 2275 tamon
606 2238 917 2278 Laccdaemonios
946 2241 1035 2279 Rex
1064 2243 1266 2293 eminebat,
1285 2256 1360 2282 non
1380 2257 1499 2283 armo-

154 2314 238 2338 rum
267 2300 380 2338 modo
401 2305 440 2338 ct
472 2301 643 2351 corporis
675 2302 813 2352 specie,
835 2303 902 2340 sed
933 2304 1048 2343 ctiam
1075 2306 1341 2358 magnitudine
1368 2308 1497 2357 animi,

154 2377 228 2415 quo
261 2376 337 2401 uno
370 2363 471 2401 vinci
503 2376 578 2402 non
608 2365 743 2414 potuit.
816 2366 1008 2418 Undique,
1042 2381 1140 2407 nunc
1173 2370 1360 2419 comimls‚
1397 2383 1499 2409 nuno

155 2427 305 2466 eminus
323 2427 538 2478 petebatur,
560 2427 702 2480 diuque
731 2442 836 2467 arma
865 2430 1145 2481 circumferens,
1166 2432 1241 2471 alia
1269 2433 1347 2472 tela
1364 2432 1498 2485 clypco
